3242 5356
735 319 783 396 37

95 599 288 695 addixere,
330 602 505 706 quicquid
537 601 597 678 cd·
614 599 878 710 rempublicam
891 627 895 637 ’
909 601 1091 680 commodi
1120 602 1335 697 attulerunt,
1374 604 1414 681 id

92 763 206 816 omne
232 739 418 816 doctrinae
442 737 608 815 liberalis
634 739 854 816 institutioni
879 740 975 816 ferre
1001 741 1221 840 acceptum.“

636 1327 639 1334 ’
675 1366 834 1492 rvr.

105 1729 108 1735 Δ
199 1674 344 1755 Eodem
371 1698 464 1752 anno
491 1665 721 1748 MDLXXVI
746 1670 981 1767 Bersmanus,
1021 1671 1116 1750 bono
1143 1674 1230 1751 novi
1255 1677 1418 1754 muneris

93 1813 200 1916 quasi
241 1811 421 1912 auspicio,
461 1809 623 1885 earmina
660 1833 726 1884 sua
765 1809 805 1885 in
843 1834 960 1884 unum
997 1807 1174 1890 volumen
1212 1811 1419 1912 colligenda

94 1947 254 2038 curavit,
288 1957 324 2022 et
356 1945 557 2020 clarissimo
583 1945 691 2020 amici
718 1943 774 2018 sni
803 1943 949 2018 locucio
969 1940 1147 2040 Poetae)
1187 1948 1334 2024 nomine
1364 1949 1416 2024 in·
1496 2041 1497 2046 Ἰ

94 2087 231 2186 scripta
258 2081 383 2160 edidit.
418 2075 584 2179 Namque
604 2077 789 2171 Posthius,
817 2080 921 2158 cuius
940 2105 1072 2156 nomen
1099 2078 1147 2155 ob
1166 2081 1419 2161 laudatissima

95 2229 265 2322 poemata
304 2241 369 2317 per
408 2215 618 2292 universam
651 2209 881 2290 Germaniam
921 2216 1065 2292 celebre
1103 2224 1193 2309 erat,
1232 2217 1333 2294 haud
1370 2219 1420 2296 ita

96 2356 217 2434 multo
244 2363 328 2430 ante
353 2351 551 2428 Bersmanc
584 2357 731 2449 propter
763 2375 908 2428 carmen
941 2352 980 2427 in
1012 2350 1039 2426 Ι.
1067 2346 1265 2429 Camerarii
1291 2355 1419 2430 funere

94 2490 248 2568 laudem
275 2487 403 2590 optimi
429 2493 555 2588 potitae
580 2484 772 2579 tribuerat,
801 2511 959 2587 eumque
983 2495 1026 2562 ut
1051 2487 1177 2585 plures
1197 2487 1333 2588 ingenii
1360 2491 1418 2567 sui
1529 2543 1535 2568 .

95 2626 304 2704 felicissimi
344 2625 463 2700 foetus
503 2622 696 2714 emitteret,
744 2622 879 2698 additis
918 2632 1105 2724 rogaverat
1141 2623 1242 2698 hisce
1279 2623 1417 2700 verbis:

97 2759 245 2856 „Valde
269 2759 364 2836 mihi
389 2757 591 2860 probantur
610 2759 771 2834 earmina
789 2766 870 2832 tua:
896 2757 1006 2834 valde
1032 2759 1077 2833 iis
1098 2757 1274 2833 delector:
1301 2784 1419 2860 neque

95 2923 157 2974 me
184 2896 255 2972 hoc
281 2893 527 2970 auribustuis
554 2893 639 2969 dare
659 2895 861 2968 existimes:
890 2916 1016 2968 revera
1036 2894 1086 2968 ita
1111 2894 1241 2986 senti0,
1268 2901 1304 2968 te
1325 2894 1419 2970 inter

98 3029 300 3110 Germanos
326 3038 450 3130 poetas
476 3030 591 3103 nostri
616 3029 790 3130 temporis
817 3054 894 3104 esse
920 3029 1085 3105 omnium
1105 3029 1363 3106 suavissimum
1384 3039 1420 3108 et

97 3167 386 3244 doctissimum.“
432 3163 537 3239 idem
561 3165 626 3239 alii
654 3165 904 3241 iudicaverant
928 3164 1001 3240 viri
1028 3164 1234 3256 clarissimi,
1263 3189 1419 3264 quorum

97 3332 118 3379 e
152 3323 306 3376 numero
333 3297 374 3376 G.
403 3297 590 3376 Fabricius
624 3298 711 3374 etl.
739 3271 967 3375 Gameraiius
997 3297 1194 3374 Bersmano
1228 3301 1301 3375 iam
1334 3301 1418 3375 cdo·

97 3437 305 3515 lescentulo
332 3445 497 3511 auctores
521 3436 679 3528 fuerant,
706 3444 749 3510 ut
774 3461 834 3512 cos
859 3459 1002 3527 versus,
1029 3459 1120 3534 quos
1146 3435 1185 3508 in
1204 3431 1420 3512 Academiae
1466 3417 1476 3444 ⁴

101 3571 341 3650 conventibus
368 3574 593 3662 recitaverat,
620 3570 790 3670 publicae
815 3571 932 3646 famae
960 3572 1207 3646 committeret.
1252 3568 1307 3645 Ito
1332 3596 1418 3649 vero

100 3735 218 3810 quum
245 3709 359 3782 semel
398 3708 478 3781 alea
504 3707 596 3782 iacto
622 3717 728 3799 esset,
753 3706 985 3808 rogantibus
1010 3707 1138 3781 amnicis
1164 3705 1236 3782 alia
1277 3733 1419 3809 quoquc

98 3844 284 3948 poematia
298 3845 395 3916 fores
423 3842 587 3934 dederat,
615 3842 851 3942 epithalamia
868 3842 1082 3944 praesertim
1108 3849 1143 3918 et
1163 3843 1323 3918 carmina
1340 3867 1417 3944 gra-

98 3981 289 4071 tulatoria,
305 4006 308 4012 ’
322 4003 400 4054 nec
416 4003 490 4052 non
515 3977 675 4078 psalmos
702 3978 856 4078 aliquot,
899 3980 1033 4079 quibus
1058 3981 1243 4055 fautorum
1270 3988 1305 4053 et
1331 3979 1417 4054 cmi·

99 4095 229 4193 corum
254 4114 386 4189 honori
413 4114 612 4191 inserviret.
647 4113 773 4216 Neque
798 4124 920 4188 tamen
947 4117 1090 4190 animus
1117 4115 1150 4190 ei
1175 4115 1262 4208 firit,
1290 4115 1358 4188 illa
1384 4123 1419 4190 et

101 4278 195 4354 quae
221 4258 407 4350 praeterea
424 4260 674 4352 composuerat
699 4251 859 4326 carmina
885 4251 925 4325 in
941 4249 1134 4350 publicum
1160 4249 1267 4324 edere
1286 4250 1418 4341 omnia,

109 4473 421 4486 μ’*

168 4597 199 4661 *)
223 4597 334 4651 Ioannes
351 4595 486 4666 Posthius,
510 4595 568 4646 Ictu
586 4595 659 4648 ducis
678 4599 704 4646 et
726 4597 840 4662 episcopi
857 4595 1088 4660 Vvlrceburgensis
1108 4594 1252 4645 archiatrus
1277 4593 1419 4662 „Parerga

100 4673 231 4753 poissoa“
259 4685 376 4734 ediderat
399 4689 470 4734 tanta
496 4696 554 4735 cnm
572 4684 666 4750 leude,
697 4687 726 4733 nt
747 4695 815 4735 anno
832 4683 998 4756 ΠΒΠΧΧΥΠ
1006 4683 1039 4733 ab
1059 4681 1219 4758 imperatore
1237 4681 1368 4746 Rudclpho
1386 4679 1417 4730 Π.

101 4776 193 4824 laurea
211 4770 313 4836 cotton
331 4769 500 4822 nonoretur.
516 4765 606 4820 obiit
602 4781 670 4820 annu
689 4769 763 4820 tter.
781 4785 807 4820 v.
825 4767 856 4820 Π.
875 4763 979 4822 Αᾱιιιι
984 4744 1212 4821 discerneritis
1231 4768 1418 4818 Germanorum

1136 4851 1145 4878 i
1409 4865 1412 4876 ι

102 4859 304 4922 mediconno
315 4855 376 4908 ³³1.
597 4850 608 4882 ⁸
693 4857 698 4866 “
