3242 5356
786 437 988 454 -d————...--

216 620 358 718 aliquot
391 616 558 716 egregiis,
599 635 647 686 ex
678 613 831 712 privatis
870 612 1120 690 occasionibus
1153 612 1288 712 scripta
1319 618 1416 687 sunt
1469 604 1548 682 Cur

216 779 290 830 non
317 752 364 827 de
389 749 559 850 ampliori
588 746 712 846 aliquo
740 759 953 849 argumento
978 749 1077 824 vires
1104 773 1187 822 suos
1213 745 1378 848 'experiri
1405 746 1547 820 malue·
1619 823 1620 834 ,

217 890 280 980 rit,
315 889 393 962 eius
419 886 473 960 rei
500 884 573 958 duo
601 881 673 957 sibi
703 885 866 959 maxima
895 884 1078 959 obstitisse
1109 883 1371 983 impedimenta
1402 882 1550 982 saepius

217 1021 400 1122 perhibet,
442 1020 634 1119 penuriam
660 1018 801 1093 scilicet
826 1017 1044 1094 Maecenatis
1071 1027 1108 1094 et
1132 1021 1300 1094 fortunae
1326 1017 1548 1094 adversatio·

217 1182 312 1232 nem.
351 1153 558 1254 Utrumque
584 1175 672 1228 vero
700 1177 746 1227 ex
773 1154 877 1228 illius
903 1154 1078 1254 temporis
1105 1153 1251 1229 turbato
1272 1163 1368 1228 statu
1395 1151 1550 1253 publico

216 1291 336 1366 fluxit.
391 1286 494 1364 Sicut
528 1289 627 1364 enim
653 1289 748 1362 inter
782 1313 883 1364 arma
909 1290 1022 1364 silent
1045 1288 1162 1390 leges,
1196 1289 1249 1364 ita
1275 1290 1386 1363 etiam
1418 1287 1551 1362 literae

218 1436 255 1502 et
286 1435 381 1500 artes
413 1425 566 1498 minoris
594 1424 831 1497 aestimantur
862 1433 898 1498 et
923 1423 1176 1500 Maecenatum
1200 1425 1305 1500 favor
1333 1421 1550 1524 languescit
1590 1467 1591 1472 =

219 1561 274 1636 Ac
300 1562 332 1636 si
365 1585 496 1636 rerum
524 1571 599 1651 est,
627 1559 726 1658 quod
752 1583 859 1633 nemo
893 1559 963 1634 ibit
989 1561 1143 1651 inficias,
1178 1565 1305 1658 poetae
1337 1559 1384 1634 ad
1418 1558 1553 1633 altiora

218 1707 255 1772 et
280 1697 460 1796 ampliora
488 1695 649 1769 carmine
681 1694 956 1794 complectenda
982 1719 1073 1794 opus
1100 1719 1176 1769 esse
1209 1715 1282 1767 non
1309 1694 1433 1768 solum
1465 1693 1553 1784 otio,

220 1831 286 1907 sed
328 1840 363 1905 et
402 1831 525 1904 animo
565 1830 611 1904 ab
651 1831 752 1904 omni
792 1829 1066 1929 perturbatione
1105 1829 1314 1922 liberrime,
1363 1827 1551 1929 quodnam

219 1975 365 2065 tempus
391 1965 458 2038 tali
485 1967 587 2064 operi
613 1966 729 2065 magis
755 1964 1032 2040 incommodum
1058 1975 1149 2058 erat,
1184 1991 1294 2065 qnam
1321 1964 1436 2057 illud,
1478 1988 1553 2063 quo

219 2099 407 2200 religionis
441 2101 587 2174 nomine
620 2111 745 2174 contra
770 2102 871 2200 leges
897 2100 1135 2176 humanitatis
1165 2099 1421 2176 acerbissimae
1447 2123 1551 2176 exer·

220 2235 398 2312 cebantur
421 2235 615 2330 inimitiac,
649 2262 720 2337 quo
747 2236 857 2312 etiam
879 2234 1116 2328 Bersmanus,
1148 2235 1240 2310 rixis
1267 2245 1311 2310 et
1327 2234 1449 2312 turbis
1472 2234 1554 2308 illis

220 2370 436 2471 implicitus,
476 2372 573 2446 ritae
606 2397 693 2448 suae
726 2397 844 2471 neque
875 2373 1038 2471 privatae
1064 2395 1183 2470 neque
1212 2369 1386 2471 publicae
1414 2371 1550 2446 securi·

222 2516 334 2582 tatem
361 2501 433 2579 srbi
460 2530 537 2580 esse
564 2510 603 2581 in
629 2517 806 2607 potestate
833 2505 951 2584 vidit?

327 2637 513 2730 Quaenam
534 2666 620 2718 vero
642 2643 715 2717 alia
742 2667 848 2718 causa
866 2644 938 2716 fuit
962 2650 1147 2718 tantorum
1165 2643 1413 2736 tumultuum,
1442 2668 1553 2742 quam

221 2777 291 2851 illa
308 2778 480 2870 formula,
509 2775 728 2852 aFlacianis
750 2788 786 2853 et
803 2777 1038 2878 Ubiqnitistis
1059 2778 1131 2854 sibi
1152 2779 1301 2878 quidem
1320 2780 1492 2856 fraternit
1476 2780 1553 2871 tati,

222 2912 288 2986 sed
314 2912 399 2987 odio
427 2909 613 2988 Melancht
611 2915 859 2988 homanorum
899 2914 1032 3013 scripta
995 2913 1056 2986 ta?
1116 2913 1171 2988 Ea
1211 2940 1297 2989 sane
1337 2915 1554 2990 concordiae

220 3047 358 3174 fopqrul
361 3073 381 3120 a
402 3047 608 3123 discordiae
626 3049 855 3140 seminatrix,
882 3050 1032 3148 stirpsa
1032 3059 1120 3149 tque
1137 3074 1262 3126 semen
1282 3050 1422 3124 exstitit
1435 3052 1551 3126 maxi·

223 3175 332 3316 niae,
344 3180 485 3256 eadem
517 3184 681 3282 geminos
707 3185 809 3277 illos,
844 3209 935 3283 qnos
967 3182 1068 3259 Deus
1101 3186 1355 3278 coniunxerat,
1388 3187 1554 3260 veritatis

224 3264 455 3417 euangelicos
487 3327 597 3392 testes
631 3328 668 3392 et
700 3318 784 3394 doct
769 3328 880 3411 tores,
915 3317 1119 3394 Lutherum
1153 3328 1189 3393 et
1218 3317 1405 3394 Melancht
1390 3320 1553 3412 thonem,

223 3453 420 3544 disiunxit,
440 3477 481 3527 ea
501 3451 659 3552 denique
678 3480 787 3554 quam
807 3454 985 3554 plurimas
1006 3454 1176 3530 ecclesias
1195 3481 1216 3528 a
1234 3458 1405 3530 societate
1420 3453 1493 3530 Lut
1493 3457 1553 3530 he·
1619 3485 1620 3488 ¹

222 3611 309 3662 rana
342 3589 491 3663 retrusit
518 3598 554 3664 et
585 3590 632 3664 ad
666 3590 970 3664 consociationem
997 3616 1080 3665 cum
1107 3587 1327 3665 Reformatis
1357 3613 1477 3690 propu
1479 3592 1553 3666 lsit

221 3719 265 3796 Id
292 3723 391 3822 quod
425 3724 534 3798 etiam
561 3724 734 3800 ecclesiae
761 3724 984 3800 Anhaltinae
1010 3725 1159 3816 accidit,
1195 3751 1303 3825 quae,
1337 3749 1384 3798 ne
1415 3725 1554 3800 diutius

222 3858 334 3933 ferret
365 3883 457 3958 quae
488 3858 637 3934 ferenda
668 3885 741 3933 non
772 3869 875 3936 erant
905 3860 1083 3952 convicia,
1126 3885 1221 3934 anno
1247 3855 1620 3934 MDLXXXXVI

223 3993 437 4068 societatem
464 4019 549 4068 cunr
566 3991 764 4070 Reformat
739 4006 786 4070 trs
815 3987 978 4072 ecclesiis
996 3995 1094 4088 iniit,
1123 3996 1173 4070 ita
1199 4019 1286 4072 vero
1306 4005 1387 4071 uta
1410 4003 1554 4094 recepta

224 4123 472 4203 Confessionis
505 4127 738 4230 Augustanae
771 4132 951 4222 doctrina,
999 4129 1151 4208 Lutheri
1192 4142 1227 4207 et
1259 4129 1554 4208 Melanchtbonis

224 4287 403 4338 consensu
436 4263 601 4364 probata,
637 4265 732 4340 nihil
766 4266 1007 4342 recederetur.
1061 4263 1168 4356 Quod
1202 4267 1353 4366 quidem
1387 4276 1424 4342 et
1449 4261 1552 4340 Bers·
1619 4279 1620 4282 ’

228 4423 359 4473 manus
387 4411 509 4476 noster
534 4401 718 4502 probavit,
747 4401 810 4500 qui
837 4401 884 4476 ad
910 4411 1066 4476 mortem
1092 4385 1208 4500 usque
1228 4397 1455 4478 Confersioni
1481 4399 1555 4474 Au·

224 4544 399 4638 gustante
426 4534 696 4612 addictissimus
723 4537 874 4630 mansit,
903 4563 1012 4636 quam
1028 4533 1100 4612 Lut
1084 4535 1238 4630 therani,
1266 4537 1447 4636 adoptatis
1469 4531 1553 4610 For·

223 4667 346 4746 mulae
388 4670 602 4748 concordiae
641 4673 875 4774 ubiquiteriis
916 4673 1118 4766 sententiis,
1166 4673 1277 4776 longe
1317 4681 1620 4766 excesserant,

224 4793 456 4906 tyrannidem
482 4806 596 4884 simul
622 4811 710 4888 novi
736 4805 975 4886 Pontificatus
1001 4805 1229 4887 sustinentes
1438 4811 1443 4820 '
