3328 5348
844 235 901 308 -20

772 330 977 350 *nnn—*uuun—

227 514 349 588 nitatis
381 519 595 587 assertorem
611 549 614 554 ·
628 511 811 610 praebuit,
850 512 1024 588 laudibus
1056 523 1332 613 prosequentem
1366 515 1542 593 maximis

227 672 359 722 nomen
385 644 560 748 Philippi
574 644 876 738 Melanchtbonis,

19 834 231 1012 42⁹8,ss
391 910 456 994 Qui
479 911 608 980 cumulo
630 911 773 998 implevit
795 913 982 978 meritorum
1004 911 1160 977 Teutonis
1183 899 1290 988 oram}

434 1027 509 1112 Qua
529 1025 755 1118 patet'Arctoi
776 1027 863 1092 littus
886 1027 927 1093 ad
949 1052 1053 1113 nsque
1075 1034 1181 1106 maris,

390 1119 525 1232 Eloquii
545 1168 663 1232 parens
686 1144 773 1210 Latii
793 1147 979 1232 pariterque
1001 1145 1142 1233 Pelasgi,

430 1261 609 1329 Teutoniae
630 1262 756 1336 lumen,
779 1285 921 1328 summus
944 1270 977 1326 et
998 1259 1085 1327 orbis
1107 1261 1226 1328 honor:

390 1379 489 1448 Aetas
512 1382 566 1445 cui
587 1400 653 1444 non
673 1382 779 1466 prisca
799 1401 911 1464 param
933 1378 1120 1446 melioribus
1142 1384 1232 1446 annis

424 1497 567 1571 Extulit,
589 1505 622 1562 at
642 1493 755 1562 mundi
776 1497 872 1562 effeta
893 1505 1021 1564 senecta
1042 1495 1165 1581 ferat.*)

325 1790 443 1882 Quam
469 1788 516 1864 ob
543 1788 803 1888 ingenuitatem
828 1787 1048 1863 Bersmanus
1068 1813 1244 1889 perquam
1268 1802 1392 1892 gratus
1419 1804 1455 1869 et
1482 1823 1539 1870 ac·

224 1937 350 2027 ceptus
388 1933 464 2000 erat
499 1919 771 2022 Vitebergensis
804 1924 1010 1999 academiae
1043 1922 1327 2018 Professoribus‚
1369 1930 1432 2027 qui
1465 1955 1542 2006 una

224 2089 308 2137 cum
334 2060 484 2159 collegis
503 2055 752 2156 Lipsiensibus
769 2059 983 2131 memoriam
1000 2055 1293 2135 Melanchthonis
1311 2065 1540 2140 sanctissime

224 2195 405 2286 colebant,
446 2202 482 2267 et
513 2217 659 2266 omnem
690 2191 852 2291 lapidem
884 2191 1107 2267 movendum
1141 2219 1218 2269 esse
1251 2195 1538 2292 arbitrabantur,

223 2357 269 2407 ne
295 2356 367 2429 qua
391 2352 449 2403 res
467 2352 509 2402 eo
535 2327 754 2426 perveniret,
783 2352 854 2426 quo
880 2326 1117 2400 intendebant
1142 2329 1355 2423 adversarii,
1384 2343 1426 2406 ut
1453 2333 1539 2408 doc·

223 2465 319 2540 trina
350 2462 491 2536 scilicet
521 2459 815 2566 Melanchthonis
846 2463 1127 2562 opprimeretur,
1160 2462 1251 2538 libri
1278 2467 1356 2540 eius
1382 2471 1538 2566 proscri-

222 2599 394 2675 berentur
427 2605 463 2670 ct
494 2596 688 2669 literarum
718 2596 977 2670 humaniorum
1008 2596 1238 2696 disciplinae,
1280 2597 1326 2672 ab
1358 2601 1427 2676 illo
1460 2612 1539 2678 tam

223 2735 379 2810 feliciter
404 2731 450 2804 ad
469 2755 578 2804 usum
604 2754 747 2803 sacrum
773 2731 1041 2822 accomodatas,
1069 2732 1190 2805 studio
1216 2733 1420 2834 theologico
1447 2746 1539 2812 tam·

224 2895 332 2969 quam
358 2864 532 2966 profanae
555 2872 591 2938 et
615 2865 805 2962 pestiferae
832 2866 962 2964 procul
989 2875 1206 2941 arcerentur.

324 2999 450 3099 Neque
482 3024 568 3075 vero
602 3000 771 3098 cuiqnam
805 2999 858 3072 ibi
890 3002 1025 3099 gratior
1050 2999 1269 3076 Bersmanus
1302 3012 1377 3076 erat
1410 3015 1447 3078 et
1476 3029 1538 3080 ex·

224 3141 394 3239 optatior,
423 3160 531 3234 quam
557 3135 672 3208 veteri
699 3134 948 3234 condiscipulo
976 3161 1041 3209 suo
1069 3131 1209 3210 Simoni
1237 3133 1373 3230 Stenio,
1408 3137 1538 3214 Loma·

223 3273 336 3363 censi,
378 3271 440 3368 qui
477 3278 558 3343 tum
595 3269 707 3342 studii
746 3269 954 3369 theologici
981 3270 1256 3344 consummandi
1294 3296 1402 3346 causa
1434 3269 1537 3349 Vite·

221 3408 352 3507 bergae
385 3400 684 3479 commorabatur.
739 3401 793 3475 Εο
833 3405 965 3477 iterum
998 3431 1083 3478 cum
1119 3405 1233 3512 arnico
1273 3407 1538 3484 iucundissime

223 3543 452 3629 coniunctus,
491 3546 529 3612 et
559 3538 718 3610 aliorum
752 3563 894 3638 quoque
927 3539 1209 3638 cumplurimum
1235 3539 1460 3616 humanitate
1500 3553 1539 3617 et

222 3673 468 3750 familiaritate
493 3666 670 3772 gaudens,
697 3672 764 3746 ille
790 3673 904 3746 otium
923 3669 1140 3772 Vitebergae
1161 3698 1245 3747 cum
1265 3671 1379 3748 Musis
1406 3675 1538 3774 agebat

223 3819 259 3885 et
283 3819 457 3906 tanquam
488 3830 507 3879 e
533 3806 680 3904 specula
706 3806 930 3881 occasionem
960 3808 1121 3880 muneris
1151 3808 1309 3882 adeundi
1339 3811 1535 3909 prospicie-

222 3943 299 4035 bat,
340 3939 438 4041 quod
470 3941 607 4040 optanti
640 3941 709 4040 ipsi
740 3941 779 4014 in
810 3940 993 4015 academia
1024 3941 1233 4016 deferretur.
1285 3939 1341 4015 De
1375 3968 1446 4042 qua
1471 3970 1535 4020 ex-

223 4077 442 4177 spectatione
462 4099 527 4150 sua
543 4076 610 4149 has
627 4101 648 4148 a
669 4071 821 4174 Georgio
841 4071 1006 4148 Fabricio
1033 4077 1170 4174 accepit
1191 4071 1397 4170 literas**):
1422 4073 1534 4169 „Vel-

186 4211 314 4303 'lem,
344 4210 413 4285 tibi
442 4233 585 4308 possem
610 4211 726 4286 facere
755 4233 858 4309 spem
890 4208 1045 4286 alicuius
1070 4210 1267 4286 mnasonis
1292 4211 1464 4288 honestae
1497 4224 1536 4290 et

434 4411 536 4422 ...ι-

181 4539 184 4545 ’
213 4575 221 4602 s
291 4547 320 4610 *J
337 4549 470 4601 Barsmsnl
488 4549 601 4610 elogium
618 4549 644 4596 tn
662 4548 781 4610 sepulcro
799 4544 843 4594 Ph.
861 4545 1068 4598 Melanabtbonls.

274 4648 320 4712 **)
336 4651 407 4703 Hanc
426 4650 606 4715 epistolam'et
622 4652 736 4714 ceteras,
762 4659 826 4709 quas
845 4649 938 4698 deinde
957 4647 1056 4712 cttsbo,
1074 4649 1163 4698 videas
1181 4651 1207 4698 tn
1225 4649 1331 4712 sylloge
1350 4653 1530 4718 epistolarum,

224 4738 380 4790 carminibus
398 4736 532 4790 Bersmsnt
550 4746 663 4802 annexa,
681 4735 733 4784 nist
750 4735 826 4784 aliter
843 4745 858 4784 a
875 4746 917 4785 ms
934 4735 1073 4786 indicatum
1091 4733 1149 4784 snt.
