3242 5356
840 241 885 314 66

301 511 408 590 Plato
429 515 604 616 pleraque
624 519 842 618 scriptorum
866 544 951 594 cum
974 517 1128 593 Adoniis
1153 520 1271 594 hortis
1297 525 1552 623 compararit!

195 649 265 771 qui
291 648 414 724 subito
448 660 485 725 et
511 649 572 725 die
598 677 671 726 uno
697 656 773 728 nati
800 655 991 730 celerrime
1016 654 1194 752 perirent:
1226 653 1266 728 id
1293 656 1392 753 quod
1418 654 1524 732 Bers-

203 808 313 859 mano
341 808 485 882 quoque
511 795 633 858 nostro
667 792 796 862 evenit.
851 787 971 879 Quare
1001 789 1216 862 memoriam
1245 787 1436 865 Bersmani
1471 816 1525 867 re·

203 943 344 994 novans
383 918 496 993 officii
523 923 596 994 mei
625 923 732 1015 duxi,
773 949 820 998 ex
857 925 964 998 horto
1004 931 1212 1022 poematum
1251 923 1356 998 illius
1381 927 1528 1025 aliquot

205 1052 340 1128 saltem
364 1051 474 1127 flores
501 1078 706 1154 excerpere,
735 1083 825 1156 quos
851 1061 925 1132 iam
951 1055 1150 1132 lectoribus
1177 1058 1306 1147 offero,
1334 1057 1529 1135 Bersmani

204 1189 354 1264 nomine
379 1210 525 1287 rogans,
557 1201 613 1282 ut,
645 1194 676 1266 si
701 1193 861 1268 leviores
889 1193 1068 1292 quaedam
1094 1193 1307 1286 sententiae,
1340 1195 1445 1293 quasi
1470 1195 1526 1268 lo·

203 1325 302 1400 lium
328 1325 367 1397 In
392 1323 548 1398 meliore
573 1328 692 1426 fruge,
727 1329 980 1419 intercurrant,
1009 1327 1048 1402 id
1074 1326 1351 1404 benevolentiae
1377 1354 1527 1405 excusa·

207 1459 306 1534 tione
331 1466 451 1558 tegere
473 1455 646 1554 ·uelint*).

206 1661 515 1678 m

198 1792 252 1844 bu
270 1792 313 1842 (Ile
331 1788 417 1842 XVIII.
437 1789 492 1842 Gal.
510 1789 614 1842 Octobr.
633 1793 660 1841 In
673 1791 885 1843 ardentissimam
902 1792 997 1841 febrim
1015 1790 1120 1840 incidie:
1140 1803 1191 1854 qua
1210 1795 1308 1859 tamen,
1326 1791 1347 1842 I.
1365 1793 1528 1857 sagttta·

200 1879 252 1930 rIu
270 1875 394 1938 I'byaicea
407 1877 434 1925 In
448 1889 479 1928 eo
488 1877 628 1938 aymuasrc
639 1876 722 1945 Prot,
735 1879 925 1928 medicamenta
937 1877 1134 1940 praescribente,
1147 1878 1259 1940 denique
1273 1879 1366 1928 car-ult.
1384 1879 1436 1928 sed
1448 1881 1529 1944 paulo

201 1966 268 2029 port
279 1961 499 2030 vehementiores,
518 1975 595 2025 quum
615 1965 724 2015 antebac
741 1975 866 2029 unquam,
887 1974 917 2010 ex
935 1963 1036 2013 calculo
1055 1963 1151 2012 vesicae
1170 1964 1276 2013 dolores
1288 1966 1384 2015 Iterum
1398 1967 1528 2032 percepti,

201 2037 357 2110 qu'ibns'cum
384 2049 408 2096 eI
431 2053 510 2098 noctu
535 2053 561 2098 et
585 2051 699 2099 Interdiu
723 2051 834 2100 multum
858 2048 908 2096 fuit
932 2049 1140 2098 conflictandum.
1176 2047 1312 2100 Constanti
1332 2055 1420 2101 uorem
1439 2052 1529 2101 animo

201 2119 308 2184 dolores
339 2134 507 2208 acutissima
535 2138 560 2183 et
586 2139 685 2186 ceriam
708 2137 814 2196 iamque
837 2134 1016 2184 imminentem
1042 2139 1154 2185 mortem
1173 2135 1254 2183 tulit:
1280 2147 1361 2197 seque
1384 2139 1469 2187 toturn
1494 2138 1530 2188 ab

200 2221 308 2272 felicem
332 2211 363 2268 e'x
385 2219 433 2270 boc
458 2220 512 2270 vita
536 2221 720 2282 migrnIIonem
746 2223 866 2283 paratum
885 2231 944 2267 esse
963 2233 1016 2269 non
1033 2221 1117 2270 semel
1134 2220 1164 2269 I).
1184 2220 1338 2270 samueli
1356 2220 1529 2288 Fabricio,

203 2306 278 2358 verbi
302 2305 383 2356 ‹IIvIni
400 2307 469 2368 apud
488 2305 661 2357 Serrestanos
685 2307 822 2368 ministro,
846 2303 1018 2368 sigulficavit,
1045 2319 1108 2357 vera
1129 2307 1209 2356 animi
1227 2306 1402 2356 submissione
1420 2312 1530 2370 peccata

206 2404 255 2445 cua
267 2392 321 2442 neo
340 2389 488 2454 confessus,
507 2392 540 2444 ab
558 2394 650 2444 eodem
669 2392 719 2442 sibi
736 2393 839 2442 veniam
857 2392 914 2440 (lari
931 2393 1001 2442 serio
1020 2394 1095 2460 petii,
1112 2393 1228 2454 nihilque
1247 2391 1328 2458 aliud,
1347 2403 1427 2454 quum
1444 2404 1529 2444 sacra

129 2525 132 2530 .
202 2480 343 2544 scriptura
372 2477 443 2526 dicta
467 2478 560 2530 emnia
585 2479 613 2527 in
639 2490 686 2529 ore
709 2477 818 2542 habult,
843 2480 990 2540 praesertim
1013 2479 1080 2528 illud
1103 2477 1176 2528 Jobi:
1209 2477 1288 2545 „scio
1307 2479 1376 2539 quod
1394 2480 1531 2532 redemtor

202 2576 278 2620 meus
297 2551 382 2615 vivit“
400 2565 427 2610 et
444 2563 504 2615 alla.
539 2563 604 2612 Item
622 2564 770 2613 cabilonem
787 2564 860 2612 illam
880 2563 1072 2624 germanicam:
1092 2563 1195 2629 „Wenn
1213 2563 1283 2613 muln
1303 2561 1442 2613 Stunrleiu
1460 2579 1526 2617 vor-

202 2651 306 2704 Irandeu
333 2637 406 2698 Ist“
440 2647 471 2698 Et
488 2648 526 2698 cic
543 2648 650 2700 tandem
669 2649 771 2712 placide
789 2648 862 2699 nullo
879 2649 1051 2712 incombusto
1071 2654 1149 2712 gestu
1168 2649 1211 2701 vel
1229 2653 1311 2716 motu,
1331 2649 1472 2700 dormienti
1489 2653 1530 2701 sl-

201 2738 283 2804 urire,
302 2736 408 2786 beatam
426 2735 540 2786 animam
557 2735 611 2787 IIeo
630 2735 741 2802 redient,
762 2739 788 2783 et
807 2735 835 2783 in
854 2733 906 2782 fide
925 2733 1028 2802 Christi,
1046 2735 1118 2784 bulci
1136 2735 1294 2800 servatoris,
1314 2732 1472 2785 obdormint
1484 2736 1530 2786 die

200 2821 247 2876 111.
265 2820 359 2874 Norat.
377 2818 481 2871 Octobr.
498 2820 568 2870 Inter
586 2820 677 2872 boram
697 2821 722 2870 7.
742 2824 769 2869 et
786 2821 809 2868 8.
830 2822 993 2888 matutinam,
1012 2822 1195 2872 convixisset
1214 2833 1296 2872 annos
1314 2819 1420 2869 LXXIII.
1430 2811 1449 2844 “

271 2940 301 3004 *)
318 2940 373 2993 Etsi
390 2941 454 3010 scic,
471 2942 536 2994 mibi
553 2941 686 3004 Theologo
706 2943 850 2994 cavendum
868 2954 937 3009 esse,
954 2954 988 2992 ne
1000 2943 1028 2991 in
1041 2954 1160 3008 eampum
1172 2941 1369 3004 Pbflologorum
1381 2953 1529 3012 excurram,

200 3039 289 3088 tamen
313 3036 461 3095 temperare
485 3028 549 3077 mlbl
578 3040 696 3097 nequeo,
729 3030 791 3091 quin
825 3029 858 3077 de
882 3032 940 3078 arte
970 3031 1079 3080 metrica
1104 3034 1192 3080 notam
1217 3030 1249 3078 ad
1271 3027 1443 3078 Bersmunorn
1465 3041 1530 3095 per-

201 3123 337 3186 tinentem,
355 3117 406 3166 buc
425 3126 564 3179 apponam.
590 3113 749 3164 Bersmanus
768 3115 837 3164 enlm
854 3115 882 3162 in
902 3115 1143 3181 carminibusauis,
1165 3117 1327 3180 penultinam
1337 3115 1412 3165 verbi
1430 3125 1529 3182 „prar-

131 3251 137 3260 ,
202 3198 317 3271 stolor,“
343 3202 472 3267 producIt,
491 3201 709 3263 quemadmodum
718 3201 836 3266 plerique
849 3201 922 3250 illius
940 3201 1025 3250 aetatis
1043 3202 1127 3266 poetae
1146 3203 1240 3253 solent.
1258 3200 1311 3250 Sed
1327 3191 1531 3269 „praest01an,“

204 3290 276 3355 quod
288 3289 353 3339 nibil
370 3286 441 3338 allud
453 3291 508 3354 est,
527 3301 605 3350 quam
622 3291 718 3351 praesto
738 3298 796 3334 esse
816 3283 862 3346 (ab
882 3287 988 3349 antiquo
1007 3279 1171 3354 ‚,praestus,“
1189 3288 1258 3336 unde
1277 3277 1415 3350 „praesto“
1433 3299 1529 3351 super-

204 3373 260 3438 est)
288 3377 321 3427 ad
351 3374 495 3424 derivatam
520 3374 631 3423 formam
655 3374 797 3436 proestulus
823 3385 846 3421 s.
864 3373 1004 3435 praestolns
1022 3374 1190 3423 referendum
1208 3374 1321 3435 Ideoque
1339 3373 1365 3421 ln
1383 3374 1529 3436 penultima

204 3460 397 3526 corripiendum
422 3464 471 3526 est,
494 3459 616 3522 quonlam
636 3470 684 3524 eu,
702 3468 760 3521 qua
778 3458 806 3506 in
825 3459 894 3525 olus,
913 3472 938 3524 a,
956 3470 1010 3524 um,
1029 3461 1084 3510 slve
1102 3460 1170 3526 ulus,
1189 3473 1214 3525 a,
1232 3471 1277 3508 um
1294 3459 1426 3524 desinunt,
1445 3460 1530 3512 verba

203 3548 365 3615 penultluam
386 3547 531 3610 corripiunt
550 3544 644 3594 omnia.
661 3559 686 3594 v.
704 3543 843 3610 Beonani,
870 3543 1036 3594 celeberrimi
1053 3546 1182 3607 quondam
1201 3543 1445 3610 superintendentis
1464 3544 1530 3596 Sar·

203 3635 315 3702 veatanl,
333 3631 461 3695 Philologi
479 3644 527 3682 suo
544 3634 661 3694 tempore
680 3629 901 3698 excellentissim,
914 3627 1046 3693 ,origines
1063 3630 1162 3693 Ilnguae
1180 3631 1277 3684 latina.
