3328 5348
333 997 441 1076 Anno
467 993 626 1072 MDLXI
652 995 874 1073 Bersmanus
900 973 1146 1097 amplissimos
1172 1001 1259 1076 illos
1283 1001 1455 1092 honores,
1492 1003 1563 1102 qui

232 1131 410 1208 absolutis
450 1133 489 1207 in
527 1128 726 1206 Academia
763 1131 896 1206 studiis
935 1133 1201 1233 philosophicis
1241 1135 1387 1210 decerni
1427 1136 1561 1228 solent,

233 1289 307 1342 non
332 1266 413 1342 siue
437 1265 549 1342 laude
575 1274 823 1363 consequutus
848 1275 911 1340 est
966 1263 1109 1356 Quibus
1134 1268 1337 1344 honoribus
1364 1279 1558 1368 quantum·

222 1400 291 1488 uis
315 1399 403 1476 licet
427 1399 617 1477 tribuisset
641 1399 839 1494 merendis,
867 1409 990 1476 tamen
1015 1425 1089 1474 non
1110 1410 1255 1477 tantum
1280 1402 1414 1479 tribuit
1434 1429 1558 1504 accep·

125 1543 128 1550 '
232 1503 295 1628 tis,
321 1543 363 1616 ut
388 1536 446 1608 sui
472 1533 671 1610 admirator
697 1534 885 1609 exsisteret
911 1543 947 1610 et
963 1535 1163 1635 magisterii
1181 1537 1291 1610 titulo
1314 1548 1463 1612 ornatus
1484 1540 1561 1614 iam

163 1661 167 1668 ’
232 1694 273 1746 se
310 1693 388 1748 esse
417 1669 639 1768 magistrum
677 1667 748 1742 sibi
781 1669 1031 1767 persuaderet,
1072 1671 1383 1769 quemadmodum
1419 1673 1561 1748 multos

231 1803 344 1880 hodie
370 1803 540 1880 videmus
566 1802 732 1895 iuvenes,
773 1804 837 1902 qui
863 1803 977 1878 simul
1007 1814 1049 1879 ut
1074 1828 1202 1904 sapere
1233 1816 1444 1905 coeperunt,
1484 1807 1562 1884 iam

232 1938 394 2038 sapiunt,
427 1946 464 2013 et
492 1936 558 2012 ubi
584 1937 650 2013 vix
679 1938 796 2012 limen
826 1937 1038 2015 libaverunt
1064 1939 1276 2038 sapientiae,
1316 1940 1389 2016 sibi
1415 1943 1562 2042 fingunt

233 2081 449 2174 penetrasse.
502 2067 636 2146 Contra
662 2071 730 2146 ille
755 2080 877 2148 noster
902 2073 1062 2166 iuvenis,
1100 2099 1172 2173 quo
1199 2083 1277 2150 erat
1304 2099 1392 2152 vero
1419 2078 1560 2176 sapien·

232 2209 306 2286 tiae
331 2207 468 2300 studio,
503 2232 637 2283 nomen
662 2204 827 2306 Magistri
853 2208 989 2283 artium
1015 2231 1123 2282 omen
1149 2209 1257 2289 duxit
1282 2209 1354 2286 sibi
1380 2212 1559 2310 accipien-

233 2343 324 2422 dum
350 2367 429 2418 esse
461 2351 501 2457 et
522 2343 814 2434 incitamentum,
854 2352 897 2417 ut
926 2343 1140 2418 inchoatum
1171 2345 1378 2422 cnidiorum
1411 2369 1562 2422 cursum

233 2476 414 2556 indefesso
439 2477 566 2554 labore
585 2477 640 2554 ad
665 2478 838 2552 ultimam
863 2485 1001 2552 metam
1027 2478 1249 2555 extenderet.
1288 2478 1415 2580 Aquo
1443 2481 1559 2558 cousi·

232 2614 285 2691 lio
312 2638 358 2690 ne
383 2613 494 2714 longa
518 2637 621 2688 mora
646 2592 918 2713 prohiberetur,
950 2612 1019 2688 ille
1043 2614 1207 2712 privatae
1233 2614 1450 2715 disciplinae
1476 2642 1560 2692 con·

233 2749 424 2842 ditionem,
451 2772 563 2846 quam
580 2745 796 2824 Schleinitia
821 2748 962 2822 familia
981 2747 1119 2824 nobilis
1139 2748 1240 2824 haud
1258 2749 1436 2828 illiberali
1457 2775 1559 2850 prae·

232 2885 308 2964 mio
334 2883 406 2960 sibi
432 2883 621 2992 offerebat,
660 2881 898 2957 recusandam
925 2907 1102 2956 essenon
1128 2857 1326 2977 dubitavit,
1363 2896 1406 2960 ut
1430 2886 1563 2974 ridere

234 3028 360 3096 estex
387 3017 542 3119 epistola
567 3015 717 3130 Henrici
744 3014 879 3109 Siberi,
905 3015 967 3090 ΠΙ.
995 3011 1072 3090 Cal.
1101 3015 1204 3093 Febr.
1233 3045 1327 3094 anno
1353 3016 1563 3096 MDOLXII

233 3153 332 3248 data,
365 3179 457 3255 quae
483 3152 702 3229 documento
728 3150 842 3226 simul
864 3160 932 3244 est,
965 3160 1099 3250 quanto
1126 3153 1166 3226 in
1188 3155 1328 3228 honore
1354 3179 1432 3230 esse
1454 3153 1561 3232 Bers-

233 3313 363 3366 manus
381 3288 450 3364 illa
469 3287 543 3364 iam
561 3295 677 3363 aetate
695 3287 863 3387 coeperit.
893 3264 974 3361 'His
1001 3286 1100 3361 enim
1120 3283 1272 3362 Siberus
1293 3314 1378 3366 eum
1396 3291 1563 3391 appellat

39 3397 72 3523 s,
88 3325 355 3503 ffdgrfscrbis
367 3422 596 3501 honorificis:
622 3419 755 3516 „Nihil
767 3421 876 3512 mihi,
892 3418 1037 3520 Lipsiae
1055 3445 1173 3520 nuper
1187 3447 1271 3498 oum
1293 3449 1425 3517 essem,
1439 3428 1564 3525 potuit

232 3558 398 3636 accidere
424 3559 598 3660 optatiuS,
638 3582 750 3656 quarn
776 3556 875 3655 quod
905 3564 942 3630 te
969 3555 1108 3630 ibidem
1135 3557 1287 3649 offendi,
1327 3567 1365 3632 te
1397 3559 1561 3659 inquam,

232 3693 445 3787 Bersmaue,
473 3717 584 3792 quem
603 3692 677 3767 iam
704 3691 1014 3789 dudum-propter
1033 3691 1218 3767 excellens
1239 3691 1427 3792 ingenium
1450 3703 1563 3795 atque

233 3830 437 3910 doctrinam
462 3852 537 3902 non
562 3827 753 3928 vulgarem
780 3834 817 3898 et
849 3824 965 3899 dilexi
991 3825 1211 3923 plurimum,
1244 3836 1281 3901 et
1315 3828 1482 3928 ignotum
1512 3830 1562 3906 de

232 3964 339 4057 facie,
367 3963 478 4040 etiam
497 3961 675 4062 singulari
702 3960 862 4061 quodem
881 3957 995 4034 animi
1015 3959 1226 4036 inductione
1246 3973 1560 4040 veneratussum:

233 4124 332 4178 nuno
368 4121 456 4176 vero
491 4121 575 4172 cum
608 4094 838 4171 familiaritas
875 4095 970 4170 inter
1007 4117 1073 4168 nos
1108 4105 1291 4174 contracta
1322 4097 1384 4190 sit,
1425 4106 1477 4190 te,
1516 4109 1563 4176 ut

234 4232 367 4326 debeo,
394 4257 475 4308 amo
502 4229 742 4332 plurimum.“

336 4365 414 4444 lam
443 4390 530 4444 vero
556 4363 777 4441 Bersmanus
807 4364 855 4440 ad
886 4364 1129 4441 excolendum
1160 4373 1197 4441 et
1227 4363 1391 4442 docmina
1421 4375 1458 4443 et
1486 4393 1561 4448 usu

233 4503 415 4596 animum,
455 4529 497 4580 ao
537 4502 731 4603 praecipue
771 4499 819 4576 ad
859 4500 1186 4580 consummandum
1225 4501 1313 4576 artis
1353 4501 1560 4580 medicinae

234 4638 400 4716 studium
438 4637 484 4714 de
516 4636 803 4740 peregrinatione
835 4636 1021 4738 cogitavit,
1063 4645 1099 4711 et
1131 4635 1266 4735 paratis
1297 4637 1431 4736 quibus
1464 4661 1558 4740 opus

111 4742 116 4753 ι
235 4783 313 4853 erat
336 4774 447 4853 rebus
472 4771 658 4866 omnibus,
685 4771 808 4850 itineri
833 4795 872 4847 se
898 4771 1082 4848 commisit
1102 4795 1186 4850 cum
1205 4771 1400 4872 nonnullis
1413 4773 1556 4870 eomiti-
