3242 5356
820 261 871 336 ts

744 363 949 378 -ίῌ-ι-ι-*ι

187 541 358 641 quoniam
388 543 549 620 uictum
586 544 742 620 iudicia
761 543 1037 620 extimmoenda
1057 547 1141 618 esse
1162 543 1318 646 putabat
1337 541 1406 618 de
1430 540 1503 635 iffi,

186 699 279 774 quae
304 701 369 751 suo
395 679 509 778 ipsius
535 677 671 754 iudicio
697 679 980 780 haudquaquam
1004 679 1258 754 sitammam
1309 677 1364 754 ln'
1377 687 1502 754 menta

187 811 284 888 enim
309 811 497 888 B'ersmani
531 811 712 890 insidebat
743 817 879 916 species
911 813 1197 915 pulchritudinis
1229 814 1364 890 eximia
1390 831 1499 914 quae·

186 945 286 1039 dam,
326 954 515 1048 po’e‘tarum
546 957 713 1024 veterum
750 951 929 1051 exemplis
962 949 1170 1041 informata,
1211 973 1320 1049 quam
1352 951 1502 1026 intuens

9 1089 76 1218 tw
108 1070 250 1216 ipim
283 1082 469 1158 iudicabat
499 1109 576 1160 esse
608 1091 775 1186 poemata
813 1089 960 1178 „facta
998 1109 1082 1159 non
1120 1083 1255 1174 iacta,
1295 1086 1502 1182 perfecta

35 1205 99 1312 '⁴¹²⁸'
176 1191 471 1317 ‘imperfectas‘
516 1219 594 1296 Imo
620 1231 696 1296 tam
721 1245 884 1296 severam
911 1221 987 1320 ipse
1014 1220 1216 1294 carminum
1241 1242 1393 1294 suorum
1418 1245 1501 1295 oen·
1608 1231 1609 1234 ’

68 1275 133 1389 sy
185 1375 307 1427 suram
348 1379 452 1454 agere
490 1355 645 1448 solebat,
684 1367 726 1430 ut
758 1382 800 1431 ea
837 1363 884 1428 rie
921 1356 1130 1454 aequalium
1167 1355 1317 1453 quidem
1355 1355 1502 1457 scriptis

186 1489 467 1589 aequiparanda,
493 1492 612 1566 multo
638 1492 761 1567 minus
788 1491 990 1590 elegantem
1015 1489 1120 1564 illam
1138 1497 1351 1564 vetustatem
1374 1513 1501 1589 sapere

185 1619 257 1697 sibi
281 1625 503 1700 viderentur.
538 1624 627 1699 Erat
653 1636 773 1701 autem
800 1625 943 1724 Lipsiae
969 1619 1139 1725 Magister
1164 1626 1314 1714 artium,
1343 1621 1502 1699 Lauren·
1608 1717 1609 1722 Ἰ

183 1761 257 1832 tius
282 1753 569 1853 Finkelthusius',
604 1763 667 1860 qui
700 1783 784 1835 oum
810 1759 999 1835 Bersmani
1026 1758 1366 1833 observantissimus
1397 1769 1501 1852 oeset,
1608 1743 1609 1752 ἵ

185 1918 303 1994 neque
341 1895 386 1970 de
426 1894 649 1970 canninibus
684 1892 834 1971 edendis
875 1919 959 1970 eum
999 1895 1120 1994 ipsum
1159 1893 1315 1993 cogitare
1346 1893 1502 1984 videret,

184 2029 283 2104 ultro
318 2027 514 2106 editionem
544 2025 760 2132 praeparare
793 2030 913 2130 coepit
945 2029 1149 2130 colligendo
1183 2054 1240 2120 ea,
1281 2053 1372 2127 quae
1406 2030 1504 2104 inter
1608 2043 1609 2108 J

185 2161 326 2240 chartas
351 2161 540 2240 Bersmani
567 2159 734 2240 iacebant
764 2165 926 2266 dispersa
947 2161 1059 2266 'atque
1090 2166 1248 2238 confusa.
1301 2159 1409 2254 Quod
1436 2162 1501 2238 nbi
1608 2169 1609 2190 ³

184 2295 314 2373 Recto'r
348 2298 513 2375 Adamus
560 2297 724 2392 Siberus,
780 2299 969 2374 Bersmani
1014 2301 1134 2374 affinis
1181 2299 1351 2398 idemque
1395 2305 1503 2396 poeta

185 2434 378 2533 comperit‘
406 2459 520 2510 novos
549 2436 667 2509 literis
692 2433 890 2510 Bersmano
923 2434 1055 2508 adiecit
1085 2433 1254 2508 stimulos
1288 2442 1324 2507 et
1353 2428 1503 2508 tandem

184 2567 234 2643 ab
257 2593 299 2642 eo
326 2571 547 2670 impetravit,
580 2579 623 2644 ut
637 2569 810 2644 *camnine
841 2594 906 2644 sua
933 2572 1031 2670 typis
1065 2567 1300 2667 exprimenda
1331 2569 1500 2644 traderet

184 2701 383 2804 Expressas
409 2727 496 2780 vero
516 2701 749 2798 Bersmanus‚
775 2713 818 2778 ut
837 2727 946 2805 supra
965 2706 1040 2778 iam
1057 2703 1235 2795 diximus,
1251 2701 1311 2776 'ad
1328 2701 1504 2778 Ioannem

184 2836 376 2914 Posthium
408 2841 509 2914 misit
542 2839 667 2914 addita
697 2840 851 2939 epistola
882 2838 1099 2938 politissime
1130 2833 1326 2936 scmpia*),
1359 2839 1400 2911 in
1431 2863 1504 2938 quo

184 2975 299 3072 probe
325 2971 472 3074 quidem
494 3001 532 3049 se
558 2973 652 3050 scire
670 2975 842 3065 affirmat,
871 2975 969 3073 quod
985 2973 1033 3046 ab
1051 2968 1291 3071 Euripide**)
1317 2973 1501 3050 monitum

181 3109 237 3200 sit,
264 3133 337 3182 non
364 3109 484 3184 carere
511 3108 689 3183 stultitiae
716 3107 993 3208 reprehensione
1021 3132 1115 3199 eum,
1143 3109 1205 3208 qui
1233 3107 1279 3182 de
1297 3108 1502 3208 necinopia

184 3243 341 3318 aliorum
366 3245 591 3344 locupletare
618 3241 762 3318 studeat
787 3245 941 3342 copiam:
969 3242 1209 3317 nihilominus
1236 3267 1288 3334 se,
1316 3251 1358 3316 ut
1384 3244 1503 3320 amico

183 3379 462 3454 honoratissimo
493 3403 712 3480 propensam
736 3379 964 3454 voluntatem
994 3377 1196 3452 declararet
1226 3399 1345 3468 suam,
1387 3379 1426 3453 id
1453 3379 1503 3454 fe·

184 3513 284 3588 cisse:
317 3513 466 3606 „Tibi‚“
493 3517 556 3607 nit,
584 3516 664 3606 „mi
681 3513 826 3606 Posthi‚
853 3515 1057 3588 carminum
1084 3513 1187 3610 oopie
1213 3511 1504 3608 affluentissimo,

184 3673 357 3722 versuum
382 3673 551 3723 meorum
576 3649 750 3750 exiguum
777 3649 888 3723 offero
913 3647 1190 3738 munusculum,
1216 3644 1402 3724 Podtaster
1426 3650 1505 3750 ipse

186 3807 324 3882 pauper
363 3792 400 3856 et
435 3783 597 3874 ieiunus,
640 3783 712 3860 tihi
750 3791 875 3884 po‘e’tae
912 3782 1104 3860 luculento
1143 3787 1179 3858 et
1217 3782 1372 3882 copioso.
1424 3781 1507 3862 Etsi

185 3925 307 3992 autern
337 3919 599 3994 munusculum
629 3919 728 3992 istud
759 3923 877 4017 neque
902 3918 1021 4017 specie
1047 3926 1101 3992 ost
1131 3917 1361 4018 praeclarum
1386 3940 1506 4020 neque

254 4295 283 4360 ¹⁶)
306 4297 340 4349 Er
357 4301 389 4352 ira
407 4314 420 4351 c
439 4302 548 4367 epistola
571 4300 729 4352 dedicatoria
753 4311 783 4352 ea
809 4311 911 4362 quoqne
935 4297 1059 4364 cognovi,
1085 4307 1152 4359 quae
1170 4298 1203 4347 de
1219 4297 1354 4348 Baranam
1376 4299 1506 4352 modestia

186 4385 292 4434 uberius
310 4399 390 4450 supra
407 4390 494 4439 retuli.

238 4501 283 4565 **)
307 4504 420 4570 Respicit
444 4507 601 4558 Bersmanua
626 4508 686 4556 ilios
711 4517 802 4556 sersus
825 4501 967 4567 Euripidis,
1000 4502 1091 4564 quibus
1117 4499 1242 4554 Archelao
1267 4503 1434 4568 respondisse
1458 4505 1504 4554 iiie

187 4590 351 4652 perhibetur:

351 4723 354 4732 Δ
463 4687 495 4739 oo'
506 4687 650 4754 βουλομαι
665 4657 835 4740 aleatorium
848 4681 1007 4752 incisim
1020 4684 1115 4752 πένης,

461 4769 503 4840 μή
515 4771 545 4837 μ’
557 4769 669 4838 ἄφρονα
683 4768 792 4839 κρίνῃς,
813 4767 832 4838 ἢ
845 4765 941 4830 διδούς
953 4767 1042 4820 αἰτεῖν
1054 4765 1137 4824 δοκεῖ.
