3328 5348
743 319 789 396 ld

677 421 880 438 -n—n—-u-w—uffl

117 597 219 698 pbiae
251 621 292 674 aa
324 597 474 672 radonis
506 620 616 672 nsum
644 598 690 674 in·
710 598 991 674 contemtionem
1015 605 1196 672 uocarent.
1250 591 1356 684 Ques,
1373 597 1419 672 si·

115 732 242 808 niobes
281 731 328 808 de
366 731 599 832 philosophia
635 755 818 810 sermones
857 729 1091 822 Bersmanus,
1131 732 1220 808 nori
1240 725 1420 832 huntus

113 866 246 942 honore
284 841 419 957 aius,
457 891 530 942 non
562 868 690 961 modo,
729 875 772 943 ut
808 866 863 942 fas
897 874 989 956 erat,
1031 867 1204 959 refutem,
1242 866 1308 942 sed
1346 875 1420 944 tam

79 1001 81 1005 ’
112 999 238 1078 acerbe
263 1001 436 1100 castigare
462 1000 619 1094 solebat,
653 1011 696 1077 ut
720 1002 924 1078 multorum
955 1000 1082 1076 odium
1108 1002 1148 1076 iu
1174 1025 1214 1076 se
1238 1010 1419 1078 converte

111 1145 173 1212 ret
225 1132 321 1212 Hinc
346 1159 433 1212 sane
458 1157 611 1236 magnae
635 1136 705 1236 ipsi
736 1136 925 1213 molestiae
958 1145 1107 1212 axonae
1136 1161 1214 1214 esse
1237 1137 1422 1229 videntur,
1467 1213 1470 1220 .

110 1294 196 1368 qius
222 1295 336 1370 quum
362 1271 409 1349 od
434 1269 661 1348 Inachimum
686 1265 934 1348 Camertinum
960 1269 1165 1363 detulisset,
1192 1271 1259 1348 has
1277 1273 1422 1370 accepit

110 1430 130 1477 a
161 1414 311 1505 paterno
350 1405 419 1480 illo
455 1406 571 1480 amico
605 1406 863 1481 consolatorias
900 1401 1105 1503 literas**):
1139 1404 1327 1506 „Epistola
1359 1358 1464 1510 tuas
1518 1369 1555 1540 ἵ

110 1540 248 1615 indicat
282 1564 452 1639 magnam
489 1541 701 1616 varietatem
724 1542 993 1642 cogitationum
1031 1549 1194 1634 tuarum,
1235 1553 1271 1616 et
1309 1451 1502 1633 animilJ
1547 1412 1613 1664 θ

110 1676 427 1774 perurrbstionem.
475 1673 555 1749 Etsi
581 1687 703 1751 autem
728 1699 801 1750 non
828 1675 973 1767 dubito,
1002 1678 1091 1775 quin
1117 1700 1346 1778 nequaquam
1370 1677 1421 1750 le·

108 1833 170 1886 ves
209 1835 338 1886 causae
374 1810 443 1884 tibi
477 1810 608 1884 deutur
637 1811 700 1887 vel
730 1811 989 1912 indignationis
1027 1821 1062 1886 et
1095 1812 1185 1903 irae,
1225 1813 1287 1889 vel
1319 1812 1421 1886 solli-

84 1923 282 2022 citudinis
314 1971 356 2020 ac
387 1954 523 2038 metus,
556 1955 592 2020 te
625 1945 738 2021 velim
770 1956 893 2021 tamen
920 1971 1004 2020 cum
1031 1945 1313 2041 dissimulando,
1343 1957 1422 2022 tum

107 2080 298 2156 tolerando
338 2105 418 2153 eam
455 2080 667 2154 firmitatem
693 2093 729 2156 et
754 2081 994 2155 constantiam
1027 2091 1223 2177 praestare,
1264 2106 1357 2182 quae
1387 2090 1423 2156 et

107 2218 366 2314 professionem
399 2225 542 2290 sanotae
577 2216 764 2316 religionis
798 2225 833 2292 et
858 2213 1101 2314 eruditionem
1133 2215 1313 2290 bonarum
1343 2217 1421 2291 lite·

109 2376 248 2444 rarum,
282 2360 318 2425 et
342 2361 550 2425 nostrorum
582 2352 789 2426 studiorum
820 2349 1022 2426 doctrinam
1049 2349 1161 2426 decet.
1213 2348 1340 2450 Neque
1365 2351 1421 2425 ul·

109 2487 192 2561 oisci
219 2486 336 2585 magis
363 2483 619 2560 obtrectatores
645 2496 727 2560 tuos
760 2487 909 2585 poteris,
950 2509 1059 2584 quam
1092 2485 1125 2559 si
1157 2509 1196 2560 re
1234 2487 1311 2584 ipsa
1341 2489 1364 2560 i.
1392 2510 1423 2560 e.

108 2621 262 2696 colendo
309 2621 483 2696 virtutem
531 2629 566 2695 et
605 2619 806 2696 exercendo
845 2620 959 2694 bonas
998 2629 1093 2694 artes
1131 2621 1323 2696 convincas
1362 2643 1424 2693 eos

107 2756 280 2831 vanitatis
307 2765 415 2855 atque
441 2755 632 2830 mendacii.
673 2753 777 2830 Nosti
792 2752 1017 2830 Socraticum
1043 2754 1157 2830 illud:
1185 2752 1283 2846 Quid
1308 2755 1339 2829 si
1364 2779 1423 2832 me

107 2893 233 2967 asinus
260 2891 358 2966 calce
385 2889 669 2989 percussisset?“

209 3026 264 3100 Ao
290 3026 449 3126 profecto
476 3050 550 3099 non
576 3026 687 3100 surdo
713 3023 780 3098 ille
806 3025 901 3099 hanc
922 3027 1083 3099 narravit
1109 3023 1155 3099 de
1181 3025 1282 3097 asino
1308 3023 1422 3099 fabel-

105 3162 193 3236 lam.
249 3158 344 3240 Nam
375 3159 612 3252 Bersmanus,
645 3161 734 3235 licet
764 3160 852 3233 adeo
886 3160 957 3233 sibi
990 3161 1169 3258 imperare
1194 3184 1268 3232 nou
1294 3169 1422 3258 posset,

105 3307 147 3370 nt
180 3320 298 3396 aequo
329 3297 451 3369 animo
484 3296 629 3370 audiret
661 3294 946 3369 obtrectatorum
979 3294 1159 3386 convicia,
1193 3303 1316 3369 tamen
1348 3295 1423 3395 pati

106 3429 256 3522 didicit,
278 3440 313 3504 et
331 3428 483 3507 colendo
502 3431 676 3505 virtutem
703 3438 740 3503 ct
766 3429 965 3504 excolendo
991 3428 1104 3501 bonas
1124 3411 1218 3503 artes
1238 3429 1289 3502 ita
1307 3431 1424 3502 famae

105 3590 194 3639 suae
235 3565 434 3656 consuluit,
475 3576 516 3639 ut
553 3575 783 3640 contemnere
816 3564 886 3640 sibi
919 3563 1047 3637 liceret
1085 3562 1172 3636 istos
1212 3573 1432 3671 contemtus.¹

106 3696 188 3790 Quo
225 3697 375 3798 quidem
408 3699 536 3773 eodem
568 3701 678 3775 modo
712 3725 816 3773 suam
843 3723 985 3796 quoque
1012 3695 1227 3794 dignitatern
1252 3697 1424 3775 tuebatur

106 3827 353 3925 Camerarius,
381 3832 460 3931 qui,
489 3859 603 3932 quum
620 3835 792 3935 pacificus
819 3842 912 3907 esset
939 3842 975 3906 et
995 3817 1071 3904 tam
1091 3831 1281 3931 providus,
1309 3843 1350 3905 ut
1370 3831 1423 3906 in·

106 3969 291 4043 iuriarum
311 3968 516 4043 cautionem
543 3968 733 4044 adhiberet
757 3969 973 4058 maximam,
1000 3978 1138 4066 tamen,
1167 3967 1251 4066 quia
1274 3961 1423 4054 scholae

106 4099 477 4178 Melanchthonianae
516 4101 760 4203 praesidebat,
800 4102 910 4175 tantis
951 4100 1182 4175 contumeliis
1222 4100 1428 4202 petebatur,

107 4238 258 4337 quantis
284 4239 379 4312 alius
405 4263 522 4313 nemo.
577 4235 804 4338 Quapropter
830 4261 944 4334 quum
968 4236 1079 4334 paulo
1104 4245 1186 4334 post
1204 4232 1423 4309 Bersmanus

108 4384 271 4472 quatuor
295 4369 518 4474 psalmosfl)
551 4375 597 4451 ad
628 4367 876 4449 Camerarium
909 4370 1080 4460 misisset,
1116 4394 1224 4468 quem
1263 4371 1421 4445 malevo-

106 4579 422 4592 amn—m-

178 4702 211 4762 *)
229 4691 308 4752 Datne
327 4711 387 4753 sunt
405 4693 587 4764 No'rlmbcrgae
606 4703 648 4750 dte
669 4703 708 4749 19.
727 4701 780 4752 lan.
797 4713 865 4749 anno
886 4699 957 4749 teto.

160 4823 209 4882 *ἢ
229 4823 333 4874 votivos
351 4835 398 4886 pro
416 4824 500 4872 salute
517 4823 537 4870 l.
556 4821 709 4886 cameram,
729 4821 818 4870 morbo
836 4821 911 4881 gravi
928 4825 983 4868 tum
1000 4817 1112 4866 liberati.
