3242 5356
715 355 760 426 5‘1

629 459 834 480 ‘nn—*-

75 651 152 734 tur,
180 665 220 716 se
245 663 319 713 non
344 637 456 712 mado
483 629 860 733 illustris'Gymnasii,
888 631 953 708 sed
980 633 1090 710 etiam
1109 635 1281 731 trivialis,
1309 663 1402 738 quac

76 769 230 867 dicitur,
257 772 403 848 scholae
423 769 613 846 Rectorem
640 793 717 845 esse
738 779 774 844 et
793 747 1002 844 antistitem.
1037 765 1150 845 Totus
1170 771 1284 848 ludus
1302 737 1403 850 enim

76 921 159 986 octo
194 908 372 985 classibus
411 908 462 982 ita
495 905 693 1005 dispositus
726 914 819 997 erat,
858 913 901 979 ut
939 903 987 978 ad
1019 903 1210 982 inferiores
1247 918 1404 1007 quatuor

76 1047 215 1121 classes
247 1069 304 1120 ea·
323 1043 505 1118 institutio
545 1041 756 1140 pertineret,
804 1063 876 1139 qua
908 1039 1013 1138 pueri
1050 1042 1180 1140 primis
1213 1041 1404 1120 literarum

77 1181 273 1256 elementis
306 1189 410 1254 antea
450 1176 583 1252 imbuti
616 1178 760 1250 fuerant
791 1176 831 1249 in
864 1171 1007 1249 duabus
1044 1175 1181 1251 scholis
1215 1178 1407 1280 oppidanis

75 1316 174 1408 illis,
211 1338 301 1414 quae
332 1315 405 1388 iam
440 1313 477 1386 in
502 1337 620 1385 unum
641 1286 749 1410 ‘quasi
783 1333 915 1410 corpus
946 1310 1158 1386 coniunctae
1191 1323 1293 1388 erant
1323 1339 1407 1390 cum

74 1451 287 1553 gymnasio,
326 1449 431 1523 cuius
470 1447 517 1520 ad
556 1445 687 1519 altiora
724 1445 845 1520 studia
884 1445 1007 1520 aditus
1046 1447 1191 1522 nonnisi
1229 1471 1259 1522 a·
1283 1449 1409 1550 quinta

75 1587 197 1662 classe
230 1584 386 1685 patebat.
439 1580 508 1658 His
548 1581 587 1656 in
624 1579 875 1682 superioribus
914 1604 1002 1657 vera
1041 1593 1197 1682 quatuor
1230 1581 1410 1658 classibus

76 1721 349 1823 praescriptum
382 1727 474 1810 erat,
514 1725 558 1793 ut
593 1717 640 1796 ad
672 1714 865 1792 tradendas
904 1715 1048 1816 linguas
1083 1727 1118 1792 et
1154 1718 1280 1793 literas
1313 1717 1412 1793 nulli

78 1858 365 1933 admitterentur
391 1863 655 1954 praeceptores,
682 1853 755 1948 nisi
776 1853 839 1951 qui
860 1851 1066 1927 academico
1086 1849 1251 1953 Magistri
1274 1854 1413 1930 honore

79 2005 117 2070 et
144 1991 258 2067 titulo
292 1991 410 2064 ornati
438 1997 570 2081 essent,
605 2012 705 2081 „non
732 1986 882 2087 quidem
909 1987 1161 2062 ostentationis
1192 2011 1314 2082 causa,
1348 1988 1414 2064 sed

80 2129 222 2232 partim
248 2126 367 2200 maior
396 2133 438 2198 ut
464 2123 596 2198 iisdem
623 2121 721 2223 apud
749 2121 949 2221 discipulos
981 2123 1177 2198 auotoritas
1205 2123 1414 2199 conciliare·

78 2275 162 2358 tur,
196 2262 331 2363 partim
357 2259 482 2351 etiam,
514 2283 560 2334 ne
588 2258 705 2333 cuivis
732 2259 771 2332 in
796 2257 1002 2332 structiones
1029 2257 1116 2332 illas
1142 2267 1281 2334 temere
1308 2283 1414 2359 expe·

81 2398 220 2476 tendas
246 2397 367 2472 aditus
394 2388 611 2494 pataret.“*)
664 2388 851 2493 Gymnasii
879 2393 1041 2492 collegae
1075 2389 1274 2468 Bersmano
1305 2393 1417 2495 primi

83 2545 208 2614 erant:
238 2530 537 2606 Bartholomaeus
560 2526 782 2619 Soboabora,
810 2525 904 2602 Med.
932 2525 977 2600 D.
1006 2537 1042 2602 et
1066 2526 1254 2604 Professor
1279 2526 1417 2605 Mathe·
1438 2467 1612 2632 Mssa.

83 2695 171 2749 seos
198 2677 234 2742 et
259 2665 448 2766 PhysioeS,
476 2635 910 2754 BaltbaeaTMa'reaitter,
939 2661 1043 2738 Prof:
1062 2661 1237 2757 Ethices,
1252 2665 1418 2739 Bartbo-
1482 2613 1599 2766 ‘7‘

28 2795 38 2852 '¹
58 2785 66 2846 ,³
85 2830 215 2882 macas
237 2802 395 2914 Gepiclte,
424 2798 520 2872 Prof.
541 2799 642 2873 iuris.
682 2797 922 2899 Theologiam
947 2798 1116 2875 tradebat
1134 2797 1307 2900 Magister
1326 2802 1421 2874 Am-

87 2945 240 3038 la'aqiaa,
276 2934 600 3036 Superintendens‚
640 2935 687 3008 ad
720 2959 887 3010 normam
921 2934 1100 3010 Locorum
1127 2933 1422 3040 Melanchthonis

86 3075 364 3162 communium;
400 3072 603 3146 doctrinam
630 3069 774 3169 pietatis
801 3070 1019 3145 christianae
1052 3069 1308 3146 catecheticam
1334 3093 1422 3146 vero

86 3214 140 3290 M.
178 3212 294 3284 Nicol.
327 3209 495 3296 Krastos,
536 3202 664 3278 Pastor
705 3205 878 3279 ecclesiae
919 3201 954 3280 S.
988 3203 1151 3279 Barthol.
1187 3204 1423 3306 proponebat,

89 3347 325 3424 Cateohismo
346 3342 498 3417 Lutheri
524 3342 662 3414 maiore
683 3350 718 3414 et
738 3338 917 3432 Examina
935 3337 1230 3415 Melanchthonis
1258 3338 1424 3414 ducibus.
1541 3383 1546 3400 ι

19 3465 23 3476 ’
199 3481 253 3557 Ita
279 3479 416 3580 optime
443 3476 633 3577 provisum
659 3486 735 3550 erat
761 3476 815 3567 id,
848 3477 953 3550 cuius
980 3500 1088 3551 causa
1113 3473 1324 3574 Principem
1354 3476 1424 3550 hoo

93 3617 332 3724 gymnasium
370 3611 571 3687 instituisse
604 3609 825 3685 Bersmanus
864 3611 924 3684 his
963 3611 1086 3686 verbis
1126 3620 1252 3686 auctor
1293 3605 1426 3706 est”):

96 3752 213 3850 „Non
235 3751 333 3826 enim
352 3747 516 3848 fugiebat
535 3745 744 3846 Principem
764 3755 995 3846 praepostera
1016 3745 1235 3845 plerumque
1256 3744 1427 3820 studendi

96 3890 193 3966 ratio
226 3897 262 3962 et
292 3885 547 3982 intempestiva
578 3881 626 3956 ad
656 3882 800 3956 scholas
831 3881 999 3982 publicas
1029 3882 1213 3956 festinatio
1245 3892 1281 3956 et
1312 3879 1427 3956 veluti

96 4027 180 4102 sine
211 4020 340 4122 pennis
372 4017 528 4095 volatus.
581 4015 707 4118 Itaque
740 4042 824 4091 cum
858 4027 894 4091 et
926 4017 1100 4093 ecclesiae
1133 4027 1169 4093 et
1198 4002 1430 4117 reipublicae

82 4171 140 4236 et
165 4183 231 4234 sua
259 4180 403 4257 quoque
422 4153 628 4253 plurimum
654 4155 827 4226 interesse
848 4151 1085 4247 existimaret,
1113 4153 1201 4228 illos
1226 4156 1265 4228 in
1292 4153 1431 4254 patriae

98 4296 210 4388 ludo,
238 4293 341 4392 prius
369 4289 471 4391 quasi
497 4287 675 4362 tirociniis
697 4287 920 4386 quibusdam
944 4289 1100 4362 militiae
1125 4288 1309 4364 literariae
1329 4313 1430 4389 prae·

100 4431 226 4534 parari
266 4428 313 4502 ad
346 4425 602 4526 capessendam
629 4425 668 4499 in
701 4423 897 4498 academiis
930 4423 1209 4522 disciplinarum
1241 4411 1431 4518 sublimio·

107 4650 421 4665 Μαι-ψη...-

176 4776 208 4838 *)
223 4776 309 4828 verba
323 4773 496 4834 Amrrngu
513 4773 531 4821 Ι.
549 4772 568 4820 l.
589 4785 604 4820 a
623 4771 751 4820 Becmarm
770 4771 857 4819 citata.

161 4876 206 4939 ”J
224 4879 251 4927 ln
269 4877 387 4928 oratione
405 4873 540 4927 memoria
556 4871 644 4924 Joaolr.
662 4868 765 4920 Ernesti
783 4867 826 4920 Pr.
844 4867 939 4920 habita.
