<?xml version="1.0" encoding="UTF-8"?>
<!DOCTYPE html PUBLIC "-//W3C//DTD XHTML 1.0 Transitional//EN"
    "http://www.w3.org/TR/xhtml1/DTD/xhtml1-transitional.dtd">
<html xmlns="http://www.w3.org/1999/xhtml" xml:lang="en" lang="en">
 <head>
  <title>
</title>
<meta http-equiv="Content-Type" content="text/html;charset=utf-8" />
  <meta name='ocr-system' content='tesseract 3.04.00' />
  <meta name='ocr-capabilities' content='ocr_page ocr_carea ocr_par ocr_line ocrx_word'/>
</head>
<body>
  <div class='ocr_page' id='page_1' title='image "./degregoriobersm00schugoog_0037.png"; bbox 0 0 3328 5348; ppageno 0'>
   <div class='ocr_carea' id='block_1_1' title="bbox 895 340 941 412">
    <p class='ocr_par' dir='ltr' id='par_1_1' title="bbox 895 340 941 412">
     <span class='ocr_line' id='line_1_1' title="bbox 895 340 941 412; baseline 0 0"><span class='ocrx_word' id='word_1_1' title='bbox 895 340 941 412; x_wconf 73' lang='lat'><strong>22</strong></span> 
     </span>
    </p>
   </div>
   <div class='ocr_carea' id='block_1_2' title="bbox 32 615 1648 3815">
    <p class='ocr_par' dir='ltr' id='par_1_2' title="bbox 32 615 1648 3815">
     <span class='ocr_line' id='line_1_2' title="bbox 254 615 1575 718; baseline 0.004 -27"><span class='ocrx_word' id='word_1_2' title='bbox 254 616 340 709; x_wconf 92' lang='lat' dir='ltr'><strong>bns,</strong></span> <span class='ocrx_word' id='word_1_3' title='bbox 382 615 514 716; x_wconf 91' lang='lat' dir='ltr'><strong>quibus</strong></span> <span class='ocrx_word' id='word_1_4' title='bbox 541 617 608 694; x_wconf 90' lang='lat' dir='ltr'><strong>illa</strong></span> <span class='ocrx_word' id='word_1_5' title='bbox 632 615 802 718; x_wconf 85' lang='lat' dir='ltr'><strong>prolapsa</strong></span> <span class='ocrx_word' id='word_1_6' title='bbox 827 627 895 709; x_wconf 87' lang='lat' dir='ltr'><strong>est,</strong></span> <span class='ocrx_word' id='word_1_7' title='bbox 934 626 977 692; x_wconf 90' lang='lat' dir='ltr'><strong>ut</strong></span> <span class='ocrx_word' id='word_1_8' title='bbox 1003 617 1167 691; x_wconf 92' lang='lat' dir='ltr'><strong>omnium</strong></span> <span class='ocrx_word' id='word_1_9' title='bbox 1198 616 1329 717; x_wconf 91' lang='lat' dir='ltr'><strong>opibus</strong></span> <span class='ocrx_word' id='word_1_10' title='bbox 1360 619 1575 696; x_wconf 86' lang='lat' dir='ltr'><strong>refrenanda</strong></span> 
     </span>
     <span class='ocr_line' id='line_1_3' title="bbox 257 749 1573 854; baseline 0.002 -27"><span class='ocrx_word' id='word_1_11' title='bbox 257 762 366 853; x_wconf 87' lang='lat' dir='ltr'><strong>atque</strong></span> <span class='ocrx_word' id='word_1_12' title='bbox 398 752 595 827; x_wconf 78' lang='lat' dir='ltr'><strong>coercendo</strong></span> <span class='ocrx_word' id='word_1_13' title='bbox 627 752 707 828; x_wconf 88' lang='lat' dir='ltr'><strong>sit.“</strong></span> <span class='ocrx_word' id='word_1_14' title='bbox 757 750 813 826; x_wconf 88' lang='lat' dir='ltr'><strong>Ac</strong></span> <span class='ocrx_word' id='word_1_15' title='bbox 837 777 926 829; x_wconf 84' lang='lat' dir='ltr'><strong>vero</strong></span> <span class='ocrx_word' id='word_1_16' title='bbox 958 751 1071 827; x_wconf 93' lang='lat' dir='ltr'><strong>ludus</strong></span> <span class='ocrx_word' id='word_1_17' title='bbox 1096 749 1280 825; x_wconf 88' lang='lat' dir='ltr'><strong>Portensis</strong></span> <span class='ocrx_word' id='word_1_18' title='bbox 1311 755 1343 826; x_wconf 90' lang='lat' dir='ltr'><strong>is</strong></span> <span class='ocrx_word' id='word_1_19' title='bbox 1377 762 1467 846; x_wconf 90' lang='lat' dir='ltr'><strong>erat,</strong></span> <span class='ocrx_word' id='word_1_20' title='bbox 1509 755 1573 854; x_wconf 93' lang='lat' dir='ltr'><strong>qui</strong></span> 
     </span>
     <span class='ocr_line' id='line_1_4' title="bbox 256 885 1574 985; baseline 0.003 -24"><span class='ocrx_word' id='word_1_21' title='bbox 256 897 336 963; x_wconf 90' lang='lat' dir='ltr'><strong>tum</strong></span> <span class='ocrx_word' id='word_1_22' title='bbox 364 889 475 961; x_wconf 85' lang='lat' dir='ltr'><strong>Porto</strong></span> <span class='ocrx_word' id='word_1_23' title='bbox 502 889 594 961; x_wconf 78' lang='lat' dir='ltr'><strong>coeli</strong></span> <span class='ocrx_word' id='word_1_24' title='bbox 618 885 822 978; x_wconf 80' lang='lat' dir='ltr'><strong>dicebatur,</strong></span> <span class='ocrx_word' id='word_1_25' title='bbox 863 887 962 985; x_wconf 93' lang='lat' dir='ltr'><strong>quod</strong></span> <span class='ocrx_word' id='word_1_26' title='bbox 988 885 1041 962; x_wconf 91' lang='lat' dir='ltr'><strong>ibi</strong></span> <span class='ocrx_word' id='word_1_27' title='bbox 1067 885 1189 961; x_wconf 87' lang='lat' dir='ltr'><strong>aditus</strong></span> <span class='ocrx_word' id='word_1_28' title='bbox 1214 885 1261 961; x_wconf 89' lang='lat' dir='ltr'><strong>ad</strong></span> <span class='ocrx_word' id='word_1_29' title='bbox 1283 886 1436 962; x_wconf 75' lang='lat' dir='ltr'><strong>‘coelum</strong></span> <span class='ocrx_word' id='word_1_30' title='bbox 1463 898 1501 964; x_wconf 90' lang='lat' dir='ltr'><strong>et</strong></span> <span class='ocrx_word' id='word_1_31' title='bbox 1526 889 1574 965; x_wconf 90' lang='lat' dir='ltr'><strong>ad</strong></span> 
     </span>
     <span class='ocr_line' id='line_1_5' title="bbox 253 1019 1646 1144; baseline 0.001 -48"><span class='ocrx_word' id='word_1_32' title='bbox 253 1022 411 1098; x_wconf 88' lang='lat' dir='ltr'><strong>salutem</strong></span> <span class='ocrx_word' id='word_1_33' title='bbox 430 1029 611 1097; x_wconf 86' lang='lat' dir='ltr'><strong>aeternam</strong></span> <span class='ocrx_word' id='word_1_34' title='bbox 635 1022 885 1098; x_wconf 74' lang='lat' dir='ltr'><strong>ostenderetur</strong></span> <span class='ocrx_word' id='word_1_35' title='bbox 911 1020 957 1096; x_wconf 92' lang='lat' dir='ltr'><strong>ab</strong></span> <span class='ocrx_word' id='word_1_36' title='bbox 983 1021 1130 1121; x_wconf 87' lang='lat' dir='ltr'><strong>optimis</strong></span> <span class='ocrx_word' id='word_1_37' title='bbox 1157 1019 1356 1096; x_wconf 89' lang='lat' dir='ltr'><strong>iuventutis</strong></span> <span class='ocrx_word' id='word_1_38' title='bbox 1379 1022 1572 1123; x_wconf 81' lang='lat' dir='ltr'><strong>magistris.</strong></span> <span class='ocrx_word' id='word_1_39' title='bbox 1645 1061 1646 1144; x_wconf 52' lang='lat' dir='ltr'><strong>p</strong></span> 
     </span>
     <span class='ocr_line' id='line_1_6' title="bbox 252 1155 1573 1260; baseline 0.001 -30"><span class='ocrx_word' id='word_1_40' title='bbox 252 1155 310 1230; x_wconf 92' lang='lat' dir='ltr'><strong>Ibi</strong></span> <span class='ocrx_word' id='word_1_41' title='bbox 336 1157 447 1256; x_wconf 88' lang='lat' dir='ltr'><strong>igitur</strong></span> <span class='ocrx_word' id='word_1_42' title='bbox 472 1180 603 1254; x_wconf 89' lang='lat' dir='ltr'><strong>pueros</strong></span> <span class='ocrx_word' id='word_1_43' title='bbox 629 1157 822 1234; x_wconf 89' lang='lat' dir='ltr'><strong>instituens</strong></span> <span class='ocrx_word' id='word_1_44' title='bbox 848 1155 1067 1232; x_wconf 87' lang='lat' dir='ltr'><strong>Bersmanus</strong></span> <span class='ocrx_word' id='word_1_45' title='bbox 1098 1155 1149 1228; x_wconf 90' lang='lat' dir='ltr'><strong>ita</strong></span> <span class='ocrx_word' id='word_1_46' title='bbox 1174 1178 1213 1228; x_wconf 87' lang='lat' dir='ltr'><strong>se</strong></span> <span class='ocrx_word' id='word_1_47' title='bbox 1238 1155 1363 1256; x_wconf 85' lang='lat' dir='ltr'><strong>gessit,</strong></span> <span class='ocrx_word' id='word_1_48' title='bbox 1397 1168 1440 1231; x_wconf 88' lang='lat' dir='ltr'><strong>ut</strong></span> <span class='ocrx_word' id='word_1_49' title='bbox 1465 1182 1573 1260; x_wconf 91' lang='lat' dir='ltr'><strong>prop·</strong></span> 
     </span>
     <span class='ocr_line' id='line_1_7' title="bbox 252 1267 1646 1400; baseline 0.003 -35"><span class='ocrx_word' id='word_1_50' title='bbox 252 1299 309 1365; x_wconf 90' lang='lat' dir='ltr'><strong>ter</strong></span> <span class='ocrx_word' id='word_1_51' title='bbox 335 1290 503 1365; x_wconf 87' lang='lat' dir='ltr'><strong>sedulam</strong></span> <span class='ocrx_word' id='word_1_52' title='bbox 529 1267 819 1392; x_wconf 87' lang='lat' dir='ltr'><strong>prudentemque</strong></span> <span class='ocrx_word' id='word_1_53' title='bbox 850 1290 1014 1365; x_wconf 88' lang='lat' dir='ltr'><strong>muneris</strong></span> <span class='ocrx_word' id='word_1_54' title='bbox 1040 1289 1195 1389; x_wconf 85' lang='lat' dir='ltr'><strong>suscepti</strong></span> <span class='ocrx_word' id='word_1_55' title='bbox 1222 1312 1362 1384; x_wconf 89' lang='lat' dir='ltr'><strong>curam,</strong></span> <span class='ocrx_word' id='word_1_56' title='bbox 1407 1317 1473 1369; x_wconf 89' lang='lat' dir='ltr'><strong>nec</strong></span> <span class='ocrx_word' id='word_1_57' title='bbox 1499 1320 1575 1368; x_wconf 90' lang='lat' dir='ltr'><strong>non</strong></span> <span class='ocrx_word' id='word_1_58' title='bbox 1645 1349 1646 1400; x_wconf 54' lang='lat'>3</span> 
     </span>
     <span class='ocr_line' id='line_1_8' title="bbox 252 1421 1646 1526; baseline 0.006 -27"><span class='ocrx_word' id='word_1_59' title='bbox 252 1435 402 1526; x_wconf 90' lang='lat' dir='ltr'><strong>propter</strong></span> <span class='ocrx_word' id='word_1_60' title='bbox 433 1450 614 1501; x_wconf 86' lang='lat' dir='ltr'><strong>summam</strong></span> <span class='ocrx_word' id='word_1_61' title='bbox 647 1449 792 1500; x_wconf 85' lang='lat' dir='ltr'><strong>morum</strong></span> <span class='ocrx_word' id='word_1_62' title='bbox 823 1424 1049 1500; x_wconf 70' lang='lat' dir='ltr'><strong>honestatem</strong></span> <span class='ocrx_word' id='word_1_63' title='bbox 1086 1450 1108 1496; x_wconf 89' lang='lat' dir='ltr'><strong>a</strong></span> <span class='ocrx_word' id='word_1_64' title='bbox 1139 1421 1290 1499; x_wconf 84' lang='lat' dir='ltr'><strong>Rectore</strong></span> <span class='ocrx_word' id='word_1_65' title='bbox 1323 1422 1368 1498; x_wconf 93' lang='lat' dir='ltr'><strong>D.</strong></span> <span class='ocrx_word' id='word_1_66' title='bbox 1399 1424 1573 1504; x_wconf 87' lang='lat' dir='ltr'><strong>Baldufio</strong></span> <span class='ocrx_word' id='word_1_67' title='bbox 1645 1445 1646 1508; x_wconf 63' lang='lat' dir='ltr'>f</span> 
     </span>
     <span class='ocr_line' id='line_1_9' title="bbox 252 1557 1573 1660; baseline 0.004 -26"><span class='ocrx_word' id='word_1_68' title='bbox 252 1561 518 1652; x_wconf 80' lang='lat' dir='ltr'><strong>observaretur,</strong></span> <span class='ocrx_word' id='word_1_69' title='bbox 558 1587 580 1634; x_wconf 89' lang='lat' dir='ltr'><strong>a</strong></span> <span class='ocrx_word' id='word_1_70' title='bbox 612 1559 762 1660; x_wconf 91' lang='lat' dir='ltr'><strong>collegis</strong></span> <span class='ocrx_word' id='word_1_71' title='bbox 794 1569 830 1634; x_wconf 91' lang='lat' dir='ltr'><strong>et</strong></span> <span class='ocrx_word' id='word_1_72' title='bbox 862 1557 1054 1658; x_wconf 76' lang='lat' dir='ltr'><strong>discipulis</strong></span> <span class='ocrx_word' id='word_1_73' title='bbox 1087 1567 1279 1634; x_wconf 89' lang='lat' dir='ltr'><strong>amaretur.</strong></span> <span class='ocrx_word' id='word_1_74' title='bbox 1331 1557 1449 1636; x_wconf 83' lang='lat' dir='ltr'><strong>Horas</strong></span> <span class='ocrx_word' id='word_1_75' title='bbox 1482 1587 1573 1638; x_wconf 89' lang='lat' dir='ltr'><strong>vero</strong></span> 
     </span>
     <span class='ocr_line' id='line_1_10' title="bbox 250 1692 1569 1798; baseline 0.004 -29"><span class='ocrx_word' id='word_1_76' title='bbox 250 1695 458 1772; x_wconf 86' lang='lat' dir='ltr'><strong>subsecivas</strong></span> <span class='ocrx_word' id='word_1_77' title='bbox 497 1695 572 1770; x_wconf 88' lang='lat' dir='ltr'><strong>suis</strong></span> <span class='ocrx_word' id='word_1_78' title='bbox 611 1694 788 1794; x_wconf 88' lang='lat' dir='ltr'><strong>impendit</strong></span> <span class='ocrx_word' id='word_1_79' title='bbox 827 1693 958 1768; x_wconf 89' lang='lat' dir='ltr'><strong>studiis</strong></span> <span class='ocrx_word' id='word_1_80' title='bbox 990 1692 1157 1792; x_wconf 84' lang='lat' dir='ltr'><strong>privatis,</strong></span> <span class='ocrx_word' id='word_1_81' title='bbox 1198 1693 1245 1768; x_wconf 86' lang='lat' dir='ltr'><strong>nd</strong></span> <span class='ocrx_word' id='word_1_82' title='bbox 1278 1718 1388 1793; x_wconf 89' lang='lat' dir='ltr'><strong>quae,</strong></span> <span class='ocrx_word' id='word_1_83' title='bbox 1428 1705 1569 1798; x_wconf 86' lang='lat' dir='ltr'><strong>tempo·</strong></span> 
     </span>
     <span class='ocr_line' id='line_1_11' title="bbox 249 1828 1572 1930; baseline 0.002 -25"><span class='ocrx_word' id='word_1_84' title='bbox 249 1829 352 1916; x_wconf 86' lang='lat' dir='ltr'><strong>ribus</strong></span> <span class='ocrx_word' id='word_1_85' title='bbox 378 1831 471 1922; x_wconf 83' lang='lat' dir='ltr'><strong>illia,</strong></span> <span class='ocrx_word' id='word_1_86' title='bbox 511 1829 757 1930; x_wconf 89' lang='lat' dir='ltr'><strong>Astrologiam</strong></span> <span class='ocrx_word' id='word_1_87' title='bbox 783 1851 926 1930; x_wconf 88' lang='lat' dir='ltr'><strong>quoque</strong></span> <span class='ocrx_word' id='word_1_88' title='bbox 958 1828 1176 1926; x_wconf 85' lang='lat' dir='ltr'><strong>pertinuisse</strong></span> <span class='ocrx_word' id='word_1_89' title='bbox 1202 1828 1427 1930; x_wconf 85' lang='lat' dir='ltr'><strong>intelligitur</strong></span> <span class='ocrx_word' id='word_1_90' title='bbox 1459 1857 1479 1906; x_wconf 89' lang='lat' dir='ltr'><strong>e</strong></span> <span class='ocrx_word' id='word_1_91' title='bbox 1506 1829 1572 1908; x_wconf 88' lang='lat' dir='ltr'><strong>Ca·</strong></span> 
     </span>
     <span class='ocr_line' id='line_1_12' title="bbox 250 1961 1573 2066; baseline 0.002 -24"><span class='ocrx_word' id='word_1_92' title='bbox 250 1967 397 2042; x_wconf 88' lang='lat' dir='ltr'><strong>merarii</strong></span> <span class='ocrx_word' id='word_1_93' title='bbox 435 1974 471 2042; x_wconf 90' lang='lat' dir='ltr'><strong>et</strong></span> <span class='ocrx_word' id='word_1_94' title='bbox 503 1962 659 2040; x_wconf 82' lang='lat' dir='ltr'><strong>Fabricii</strong></span> <span class='ocrx_word' id='word_1_95' title='bbox 693 1964 865 2063; x_wconf 89' lang='lat' dir='ltr'><strong>epistolis.</strong></span> <span class='ocrx_word' id='word_1_96' title='bbox 918 1961 992 2038; x_wconf 91' lang='lat' dir='ltr'><strong>Ille</strong></span> <span class='ocrx_word' id='word_1_97' title='bbox 1023 1963 1135 2055; x_wconf 89' lang='lat' dir='ltr'><strong>enirn,</strong></span> <span class='ocrx_word' id='word_1_98' title='bbox 1176 1962 1222 2038; x_wconf 95' lang='lat' dir='ltr'><strong>ab</strong></span> <span class='ocrx_word' id='word_1_99' title='bbox 1255 1965 1371 2040; x_wconf 90' lang='lat' dir='ltr'><strong>amico</strong></span> <span class='ocrx_word' id='word_1_100' title='bbox 1411 1967 1573 2066; x_wconf 89' lang='lat' dir='ltr'><strong>quodam</strong></span> 
     </span>
     <span class='ocr_line' id='line_1_13' title="bbox 250 2080 1573 2201; baseline 0.002 -26"><span class='ocrx_word' id='word_1_101' title='bbox 250 2080 412 2201; x_wconf 80' lang='lat' dir='ltr'><strong>rogatus,</strong></span> <span class='ocrx_word' id='word_1_102' title='bbox 452 2109 495 2174; x_wconf 91' lang='lat' dir='ltr'><strong>ut</strong></span> <span class='ocrx_word' id='word_1_103' title='bbox 527 2110 669 2174; x_wconf 87' lang='lat' dir='ltr'><strong>curaret</strong></span> <span class='ocrx_word' id='word_1_104' title='bbox 700 2099 781 2174; x_wconf 88' lang='lat' dir='ltr'><strong>fieri</strong></span> <span class='ocrx_word' id='word_1_105' title='bbox 814 2098 992 2174; x_wconf 90' lang='lat' dir='ltr'><strong>iudicium</strong></span> <span class='ocrx_word' id='word_1_106' title='bbox 1026 2097 1073 2173; x_wconf 88' lang='lat' dir='ltr'><strong>ab</strong></span> <span class='ocrx_word' id='word_1_107' title='bbox 1106 2097 1232 2197; x_wconf 91' lang='lat' dir='ltr'><strong>aliquo</strong></span> <span class='ocrx_word' id='word_1_108' title='bbox 1265 2099 1311 2174; x_wconf 89' lang='lat' dir='ltr'><strong>de</strong></span> <span class='ocrx_word' id='word_1_109' title='bbox 1343 2101 1573 2200; x_wconf 88' lang='lat' dir='ltr'><strong>temporibus</strong></span> 
     </span>
     <span class='ocr_line' id='line_1_14' title="bbox 250 2231 1573 2338; baseline 0.002 -28"><span class='ocrx_word' id='word_1_110' title='bbox 250 2236 425 2310; x_wconf 88' lang='lat' dir='ltr'><strong>natalitiis</strong></span> <span class='ocrx_word' id='word_1_111' title='bbox 464 2234 598 2325; x_wconf 86' lang='lat' dir='ltr'><strong>tribua,</strong></span> <span class='ocrx_word' id='word_1_112' title='bbox 644 2243 679 2307; x_wconf 87' lang='lat' dir='ltr'><strong>et</strong></span> <span class='ocrx_word' id='word_1_113' title='bbox 718 2233 943 2324; x_wconf 85' lang='lat' dir='ltr'><strong>recordatus,</strong></span> <span class='ocrx_word' id='word_1_114' title='bbox 988 2232 1107 2308; x_wconf 88' lang='lat' dir='ltr'><strong>solere</strong></span> <span class='ocrx_word' id='word_1_115' title='bbox 1145 2231 1386 2310; x_wconf 91' lang='lat' dir='ltr'><strong>Bersmanum</strong></span> <span class='ocrx_word' id='word_1_116' title='bbox 1425 2261 1573 2338; x_wconf 90' lang='lat' dir='ltr'><strong>quoque</strong></span> 
     </span>
     <span class='ocr_line' id='line_1_15' title="bbox 248 2357 1647 2471; baseline 0.002 -26"><span class='ocrx_word' id='word_1_117' title='bbox 248 2369 461 2445; x_wconf 90' lang='lat' dir='ltr'><strong>huiusmodi</strong></span> <span class='ocrx_word' id='word_1_118' title='bbox 488 2377 699 2469; x_wconf 87' lang='lat' dir='ltr'><strong>argumenta</strong></span> <span class='ocrx_word' id='word_1_119' title='bbox 724 2367 923 2471; x_wconf 86' lang='lat' dir='ltr'><strong>explicare,</strong></span> <span class='ocrx_word' id='word_1_120' title='bbox 964 2364 1082 2443; x_wconf 90' lang='lat' dir='ltr'><strong>eidem</strong></span> <span class='ocrx_word' id='word_1_121' title='bbox 1108 2368 1220 2442; x_wconf 86' lang='lat' dir='ltr'><strong>huius</strong></span> <span class='ocrx_word' id='word_1_122' title='bbox 1247 2393 1375 2469; x_wconf 90' lang='lat' dir='ltr'><strong>operae</strong></span> <span class='ocrx_word' id='word_1_123' title='bbox 1407 2369 1571 2448; x_wconf 87' lang='lat' dir='ltr'><strong>elabora·</strong></span> <span class='ocrx_word' id='word_1_124' title='bbox 1646 2357 1647 2360; x_wconf 20' lang='lat'>¹</span> 
     </span>
     <span class='ocr_line' id='line_1_16' title="bbox 32 2485 1647 2618; baseline 0.004 -42"><span class='ocrx_word' id='word_1_125' title='bbox 32 2493 229 2618; x_wconf 57' lang='lat' dir='ltr'><strong>sssili‘s.</strong></span> <span class='ocrx_word' id='word_1_126' title='bbox 248 2505 386 2580; x_wconf 90' lang='lat' dir='ltr'><strong>tionem</strong></span> <span class='ocrx_word' id='word_1_127' title='bbox 413 2504 603 2595; x_wconf 86' lang='lat' dir='ltr'><strong>commisit.</strong></span> <span class='ocrx_word' id='word_1_128' title='bbox 643 2501 734 2578; x_wconf 87' lang='lat' dir='ltr'><strong>Item</strong></span> <span class='ocrx_word' id='word_1_129' title='bbox 754 2501 941 2577; x_wconf 87' lang='lat' dir='ltr'><strong>Fabricius</strong></span> <span class='ocrx_word' id='word_1_130' title='bbox 968 2500 1013 2576; x_wconf 90' lang='lat' dir='ltr'><strong>de</strong></span> <span class='ocrx_word' id='word_1_131' title='bbox 1039 2504 1154 2574; x_wconf 79' lang='lat' dir='ltr'><strong>natali</strong></span> <span class='ocrx_word' id='word_1_132' title='bbox 1171 2504 1262 2576; x_wconf 81' lang='lat' dir='ltr'><strong>bora</strong></span> <span class='ocrx_word' id='word_1_133' title='bbox 1280 2501 1450 2598; x_wconf 83' lang='lat' dir='ltr'><strong>Horatii,</strong></span> <span class='ocrx_word' id='word_1_134' title='bbox 1465 2507 1572 2582; x_wconf 89' lang='lat' dir='ltr'><strong>cuius</strong></span> <span class='ocrx_word' id='word_1_135' title='bbox 1646 2485 1647 2540; x_wconf 47' lang='lat'><em>³</em></span> 
     </span>
     <span class='ocr_line' id='line_1_17' title="bbox 45 2597 1570 2739; baseline 0.004 -27"><span class='ocrx_word' id='word_1_136' title='bbox 45 2597 64 2667; x_wconf 58' lang='lat' dir='ltr'><em>f</em></span> <span class='ocrx_word' id='word_1_137' title='bbox 250 2646 356 2739; x_wconf 78' lang='lat' dir='ltr'><strong>poeta</strong></span> <span class='ocrx_word' id='word_1_138' title='bbox 389 2639 428 2712; x_wconf 94' lang='lat' dir='ltr'><strong>in</strong></span> <span class='ocrx_word' id='word_1_139' title='bbox 455 2635 535 2714; x_wconf 88' lang='lat' dir='ltr'><strong>Oda</strong></span> <span class='ocrx_word' id='word_1_140' title='bbox 570 2637 658 2712; x_wconf 93' lang='lat' dir='ltr'><strong>libri</strong></span> <span class='ocrx_word' id='word_1_141' title='bbox 690 2637 840 2714; x_wconf 86' lang='lat' dir='ltr'><strong>secundi</strong></span> <span class='ocrx_word' id='word_1_142' title='bbox 873 2636 1014 2712; x_wconf 86' lang='lat' dir='ltr'><strong>decima</strong></span> <span class='ocrx_word' id='word_1_143' title='bbox 1040 2637 1195 2737; x_wconf 88' lang='lat' dir='ltr'><strong>septima</strong></span> <span class='ocrx_word' id='word_1_144' title='bbox 1225 2639 1447 2716; x_wconf 88' lang='lat' dir='ltr'><strong>mentionem</strong></span> <span class='ocrx_word' id='word_1_145' title='bbox 1472 2643 1570 2735; x_wconf 87' lang='lat' dir='ltr'><strong>fecit,</strong></span> 
     </span>
     <span class='ocr_line' id='line_1_18' title="bbox 247 2771 1570 2874; baseline 0.003 -26"><span class='ocrx_word' id='word_1_146' title='bbox 247 2774 501 2874; x_wconf 89' lang='lat' dir='ltr'><strong>astrologicam</strong></span> <span class='ocrx_word' id='word_1_147' title='bbox 540 2800 561 2846; x_wconf 88' lang='lat' dir='ltr'><strong>a</strong></span> <span class='ocrx_word' id='word_1_148' title='bbox 593 2771 789 2849; x_wconf 87' lang='lat' dir='ltr'><strong>Beramano</strong></span> <span class='ocrx_word' id='word_1_149' title='bbox 830 2771 1112 2874; x_wconf 87' lang='lat' dir='ltr'><strong>explicationem</strong></span> <span class='ocrx_word' id='word_1_150' title='bbox 1150 2773 1382 2872; x_wconf 87' lang='lat' dir='ltr'><strong>quaesivisse</strong></span> <span class='ocrx_word' id='word_1_151' title='bbox 1409 2774 1570 2871; x_wconf 84' lang='lat' dir='ltr'><strong>videtur,</strong></span> 
     </span>
     <span class='ocr_line' id='line_1_19' title="bbox 248 2905 1570 3010; baseline 0.003 -27"><span class='ocrx_word' id='word_1_152' title='bbox 248 2933 355 2983; x_wconf 85' lang='lat' dir='ltr'><strong>orans</strong></span> <span class='ocrx_word' id='word_1_153' title='bbox 375 2933 460 2983; x_wconf 90' lang='lat' dir='ltr'><strong>eum</strong></span> <span class='ocrx_word' id='word_1_154' title='bbox 486 2907 638 3000; x_wconf 91' lang='lat' dir='ltr'><strong>„illum,</strong></span> <span class='ocrx_word' id='word_1_155' title='bbox 665 2908 862 2982; x_wconf 89' lang='lat' dir='ltr'><strong>obscurum</strong></span> <span class='ocrx_word' id='word_1_156' title='bbox 882 2905 968 2999; x_wconf 87' lang='lat' dir='ltr'><strong>sibi,</strong></span> <span class='ocrx_word' id='word_1_157' title='bbox 995 2905 1138 2980; x_wconf 90' lang='lat' dir='ltr'><strong>Horatii</strong></span> <span class='ocrx_word' id='word_1_158' title='bbox 1162 2906 1288 2983; x_wconf 89' lang='lat' dir='ltr'><strong>locum</strong></span> <span class='ocrx_word' id='word_1_159' title='bbox 1314 2909 1497 3010; x_wconf 88' lang='lat' dir='ltr'><strong>explicare</strong></span> <span class='ocrx_word' id='word_1_160' title='bbox 1524 2935 1570 2987; x_wconf 90' lang='lat' dir='ltr'><strong>ne</strong></span> 
     </span>
     <span class='ocr_line' id='line_1_20' title="bbox 246 3041 1569 3146; baseline 0.003 -29"><span class='ocrx_word' id='word_1_161' title='bbox 246 3052 471 3144; x_wconf 87' lang='lat' dir='ltr'><strong>gravaretur,</strong></span> <span class='ocrx_word' id='word_1_162' title='bbox 512 3053 549 3118; x_wconf 90' lang='lat' dir='ltr'><strong>et</strong></span> <span class='ocrx_word' id='word_1_163' title='bbox 575 3068 622 3118; x_wconf 87' lang='lat' dir='ltr'><strong>ex</strong></span> <span class='ocrx_word' id='word_1_164' title='bbox 651 3043 779 3118; x_wconf 91' lang='lat' dir='ltr'><strong>eodem</strong></span> <span class='ocrx_word' id='word_1_165' title='bbox 804 3045 948 3136; x_wconf 74' lang='lat' dir='ltr'><strong>genesin</strong></span> <span class='ocrx_word' id='word_1_166' title='bbox 977 3041 1153 3140; x_wconf 86' lang='lat' dir='ltr'><strong>principis</strong></span> <span class='ocrx_word' id='word_1_167' title='bbox 1179 3047 1307 3141; x_wconf 84' lang='lat' dir='ltr'><strong>poetae</strong></span> <span class='ocrx_word' id='word_1_168' title='bbox 1336 3043 1569 3146; x_wconf 85' lang='lat' dir='ltr'><strong>investigare,</strong></span> 
     </span>
     <span class='ocr_line' id='line_1_21' title="bbox 249 3159 1570 3277; baseline 0.005 -25"><span class='ocrx_word' id='word_1_169' title='bbox 249 3178 289 3252; x_wconf 91' lang='lat' dir='ltr'><strong>in</strong></span> <span class='ocrx_word' id='word_1_170' title='bbox 311 3159 386 3277; x_wconf 51' lang='lat' dir='ltr'><strong>&#39;qua</strong></span> <span class='ocrx_word' id='word_1_171' title='bbox 405 3176 502 3252; x_wconf 86' lang='lat' dir='ltr'><strong>Mars</strong></span> <span class='ocrx_word' id='word_1_172' title='bbox 528 3179 732 3277; x_wconf 89' lang='lat' dir='ltr'><strong>prinoipem</strong></span> <span class='ocrx_word' id='word_1_173' title='bbox 751 3177 876 3250; x_wconf 87' lang='lat' dir='ltr'><strong>locum</strong></span> <span class='ocrx_word' id='word_1_174' title='bbox 902 3173 1102 3250; x_wconf 85' lang='lat' dir='ltr'><strong>obtinuisse</strong></span> <span class='ocrx_word' id='word_1_175' title='bbox 1121 3176 1339 3250; x_wconf 88' lang='lat' dir='ltr'><strong>videretur.“</strong></span> <span class='ocrx_word' id='word_1_176' title='bbox 1377 3175 1454 3254; x_wconf 88' lang='lat' dir='ltr'><strong>Neo</strong></span> <span class='ocrx_word' id='word_1_177' title='bbox 1475 3181 1570 3258; x_wconf 88' lang='lat' dir='ltr'><strong>sine·</strong></span> 
     </span>
     <span class='ocr_line' id='line_1_22' title="bbox 248 3287 1648 3410; baseline 0.003 -22"><span class='ocrx_word' id='word_1_178' title='bbox 248 3313 312 3388; x_wconf 86' lang='lat' dir='ltr'><strong>bat</strong></span> <span class='ocrx_word' id='word_1_179' title='bbox 342 3311 561 3388; x_wconf 86' lang='lat' dir='ltr'><strong>Bersmanus</strong></span> <span class='ocrx_word' id='word_1_180' title='bbox 594 3313 633 3389; x_wconf 93' lang='lat' dir='ltr'><strong>in</strong></span> <span class='ocrx_word' id='word_1_181' title='bbox 665 3314 735 3386; x_wconf 94' lang='lat' dir='ltr'><strong>hoc</strong></span> <span class='ocrx_word' id='word_1_182' title='bbox 766 3310 919 3410; x_wconf 87' lang='lat' dir='ltr'><strong>pulvere</strong></span> <span class='ocrx_word' id='word_1_183' title='bbox 952 3287 1168 3386; x_wconf 74' lang='lat' dir='ltr'><strong>scholastico</strong></span> <span class='ocrx_word' id='word_1_184' title='bbox 1201 3335 1406 3388; x_wconf 85' lang='lat' dir='ltr'><strong>exarescere</strong></span> <span class='ocrx_word' id='word_1_185' title='bbox 1435 3338 1570 3392; x_wconf 87' lang='lat' dir='ltr'><strong>venam</strong></span> <span class='ocrx_word' id='word_1_186' title='bbox 1647 3325 1648 3330; x_wconf 77' lang='grc'>’</span> 
     </span>
     <span class='ocr_line' id='line_1_23' title="bbox 248 3444 1569 3549; baseline 0.005 -29"><span class='ocrx_word' id='word_1_187' title='bbox 248 3473 351 3522; x_wconf 86' lang='lat' dir='ltr'><strong>suam</strong></span> <span class='ocrx_word' id='word_1_188' title='bbox 369 3448 561 3546; x_wconf 84' lang='lat' dir='ltr'><strong>poeticam,</strong></span> <span class='ocrx_word' id='word_1_189' title='bbox 589 3447 636 3522; x_wconf 96' lang='lat' dir='ltr'><strong>ob</strong></span> <span class='ocrx_word' id='word_1_190' title='bbox 655 3471 765 3547; x_wconf 88' lang='lat' dir='ltr'><strong>quarn</strong></span> <span class='ocrx_word' id='word_1_191' title='bbox 779 3444 1026 3520; x_wconf 90' lang='lat' dir='ltr'><strong>abundantem</strong></span> <span class='ocrx_word' id='word_1_192' title='bbox 1045 3445 1085 3518; x_wconf 93' lang='lat' dir='ltr'><strong>in</strong></span> <span class='ocrx_word' id='word_1_193' title='bbox 1104 3444 1200 3519; x_wconf 92' lang='lat' dir='ltr'><strong>libro</strong></span> <span class='ocrx_word' id='word_1_194' title='bbox 1214 3444 1428 3540; x_wconf 88' lang='lat' dir='ltr'><strong>Hortorum,</strong></span> <span class='ocrx_word' id='word_1_195' title='bbox 1457 3473 1569 3549; x_wconf 91' lang='lat' dir='ltr'><strong>quem</strong></span> 
     </span>
     <span class='ocr_line' id='line_1_24' title="bbox 247 3574 1569 3681; baseline 0.006 -27"><span class='ocrx_word' id='word_1_196' title='bbox 247 3579 422 3680; x_wconf 87' lang='lat' dir='ltr'><strong>Aegidius</strong></span> <span class='ocrx_word' id='word_1_197' title='bbox 436 3580 634 3658; x_wconf 88' lang='lat' dir='ltr'><strong>Periander</strong></span> <span class='ocrx_word' id='word_1_198' title='bbox 660 3581 868 3681; x_wconf 88' lang='lat' dir='ltr'><strong>collegerat,</strong></span> <span class='ocrx_word' id='word_1_199' title='bbox 896 3580 991 3654; x_wconf 89' lang='lat' dir='ltr'><strong>inter</strong></span> <span class='ocrx_word' id='word_1_200' title='bbox 1015 3586 1138 3678; x_wconf 75' lang='lat' dir='ltr'><strong>potus</strong></span> <span class='ocrx_word' id='word_1_201' title='bbox 1153 3574 1351 3656; x_wconf 88' lang='lat' dir='ltr'><strong>Germanos</strong></span> <span class='ocrx_word' id='word_1_202' title='bbox 1375 3605 1415 3658; x_wconf 89' lang='lat' dir='ltr'><strong>se</strong></span> <span class='ocrx_word' id='word_1_203' title='bbox 1441 3608 1569 3662; x_wconf 89' lang='lat' dir='ltr'><strong>nume·</strong></span> 
     </span>
     <span class='ocr_line' id='line_1_25' title="bbox 250 3713 1275 3815; baseline 0.001 -28"><span class='ocrx_word' id='word_1_204' title='bbox 250 3723 371 3789; x_wconf 87' lang='lat' dir='ltr'><strong>ratum</strong></span> <span class='ocrx_word' id='word_1_205' title='bbox 396 3715 506 3811; x_wconf 85' lang='lat' dir='ltr'><strong>vidit,</strong></span> <span class='ocrx_word' id='word_1_206' title='bbox 533 3717 657 3793; x_wconf 89' lang='lat' dir='ltr'><strong>addito</strong></span> <span class='ocrx_word' id='word_1_207' title='bbox 684 3717 731 3792; x_wconf 89' lang='lat' dir='ltr'><strong>ad</strong></span> <span class='ocrx_word' id='word_1_208' title='bbox 756 3739 889 3790; x_wconf 91' lang='lat' dir='ltr'><strong>nomen</strong></span> <span class='ocrx_word' id='word_1_209' title='bbox 914 3738 1022 3792; x_wconf 87' lang='lat' dir='ltr'><strong>suurn</strong></span> <span class='ocrx_word' id='word_1_210' title='bbox 1048 3713 1113 3788; x_wconf 86' lang='lat' dir='ltr'><strong>tali</strong></span> <span class='ocrx_word' id='word_1_211' title='bbox 1141 3713 1275 3815; x_wconf 87' lang='lat' dir='ltr'><strong>elogio:</strong></span> 
     </span>
    </p>
   </div>
   <div class='ocr_carea' id='block_1_3' title="bbox 413 3949 1396 4389">
    <p class='ocr_par' dir='ltr' id='par_1_3' title="bbox 413 3949 1189 4135">
     <span class='ocr_line' id='line_1_26' title="bbox 413 3949 1124 4037; baseline -0.001 -23"><span class='ocrx_word' id='word_1_212' title='bbox 413 3949 465 4016; x_wconf 90' lang='lat' dir='ltr'><strong>Tu</strong></span> <span class='ocrx_word' id='word_1_213' title='bbox 488 3952 565 4035; x_wconf 88' lang='lat' dir='ltr'><strong>quia</strong></span> <span class='ocrx_word' id='word_1_214' title='bbox 585 3949 708 4017; x_wconf 85' lang='lat' dir='ltr'><strong>Nasoni</strong></span> <span class='ocrx_word' id='word_1_215' title='bbox 730 3953 855 4016; x_wconf 88' lang='lat' dir='ltr'><strong>conaris</strong></span> <span class='ocrx_word' id='word_1_216' title='bbox 876 3951 1044 4037; x_wconf 82' lang='lat' dir='ltr'><strong>proximus</strong></span> <span class='ocrx_word' id='word_1_217' title='bbox 1065 3950 1124 4022; x_wconf 90' lang='lat' dir='ltr'><strong>ire,</strong></span> 
     </span>
     <span class='ocr_line' id='line_1_27' title="bbox 454 4065 1189 4135; baseline -0.004 -4"><span class='ocrx_word' id='word_1_218' title='bbox 454 4065 503 4132; x_wconf 89' lang='lat' dir='ltr'><strong>Te</strong></span> <span class='ocrx_word' id='word_1_219' title='bbox 526 4069 640 4133; x_wconf 85' lang='lat' dir='ltr'><strong>merito</strong></span> <span class='ocrx_word' id='word_1_220' title='bbox 661 4076 767 4135; x_wconf 86' lang='lat' dir='ltr'><strong>vatem</strong></span> <span class='ocrx_word' id='word_1_221' title='bbox 788 4066 943 4133; x_wconf 89' lang='lat' dir='ltr'><strong>Teutonis</strong></span> <span class='ocrx_word' id='word_1_222' title='bbox 966 4087 1023 4132; x_wconf 85' lang='lat' dir='ltr'><strong>ora</strong></span> <span class='ocrx_word' id='word_1_223' title='bbox 1044 4065 1130 4131; x_wconf 89' lang='lat' dir='ltr'><strong>colit.</strong></span> <span class='ocrx_word' id='word_1_224' title='bbox 1185 4087 1189 4098; x_wconf 88' lang='lat'><em>·</em></span> 
     </span>
    </p>

    <p class='ocr_par' dir='ltr' id='par_1_4' title="bbox 419 4177 1396 4389">
     <span class='ocr_line' id='line_1_28' title="bbox 419 4177 1396 4273; baseline -0.003 -20"><span class='ocrx_word' id='word_1_225' title='bbox 419 4184 538 4253; x_wconf 86' lang='lat' dir='ltr'><strong>Cresoe</strong></span> <span class='ocrx_word' id='word_1_226' title='bbox 560 4207 691 4273; x_wconf 85' lang='lat' dir='ltr'><strong>precor:</strong></span> <span class='ocrx_word' id='word_1_227' title='bbox 713 4184 847 4251; x_wconf 80' lang='lat' dir='ltr'><strong>viridem</strong></span> <span class='ocrx_word' id='word_1_228' title='bbox 869 4177 1004 4249; x_wconf 86' lang='lat' dir='ltr'><strong>nectunt</strong></span> <span class='ocrx_word' id='word_1_229' title='bbox 1025 4180 1085 4247; x_wconf 86' lang='lat' dir='ltr'><strong>tibi</strong></span> <span class='ocrx_word' id='word_1_230' title='bbox 1106 4183 1238 4248; x_wconf 87' lang='lat' dir='ltr'><strong>numina</strong></span> <span class='ocrx_word' id='word_1_231' title='bbox 1259 4181 1396 4260; x_wconf 88' lang='lat' dir='ltr'><strong>laurum,</strong></span> 
     </span>
     <span class='ocr_line' id='line_1_29' title="bbox 460 4300 1186 4389; baseline -0.004 -23"><span class='ocrx_word' id='word_1_232' title='bbox 460 4301 585 4369; x_wconf 86' lang='lat' dir='ltr'><strong>Pocula</strong></span> <span class='ocrx_word' id='word_1_233' title='bbox 606 4301 775 4389; x_wconf 91' lang='lat' dir='ltr'><strong>Pimplaeo</strong></span> <span class='ocrx_word' id='word_1_234' title='bbox 797 4302 893 4388; x_wconf 87' lang='lat' dir='ltr'><strong>plena</strong></span> <span class='ocrx_word' id='word_1_235' title='bbox 915 4300 1040 4386; x_wconf 85' lang='lat' dir='ltr'><strong>liquore</strong></span> <span class='ocrx_word' id='word_1_236' title='bbox 1061 4308 1186 4386; x_wconf 81' lang='lat' dir='ltr'><strong>parant.</strong></span> 
     </span>
    </p>
   </div>
   <div class='ocr_carea' id='block_1_4' title="bbox 19 4517 1567 5020">
    <p class='ocr_par' dir='ltr' id='par_1_5' title="bbox 19 4517 1567 5026">
     <span class='ocr_line' id='line_1_30' title="bbox 19 4517 1566 4630; baseline 0 -23"><span class='ocrx_word' id='word_1_237' title='bbox 19 4517 39 4618; x_wconf 73' lang='lat' dir='ltr'><strong>l.</strong></span> <span class='ocrx_word' id='word_1_238' title='bbox 351 4530 493 4622; x_wconf 85' lang='lat' dir='ltr'><strong>Quibus</strong></span> <span class='ocrx_word' id='word_1_239' title='bbox 519 4529 691 4630; x_wconf 91' lang='lat' dir='ltr'><strong>discipuli</strong></span> <span class='ocrx_word' id='word_1_240' title='bbox 717 4529 774 4603; x_wconf 88' lang='lat' dir='ltr'><strong>sui</strong></span> <span class='ocrx_word' id='word_1_241' title='bbox 804 4525 979 4603; x_wconf 84' lang='lat' dir='ltr'><strong>laudibus</strong></span> <span class='ocrx_word' id='word_1_242' title='bbox 1006 4526 1044 4599; x_wconf 91' lang='lat' dir='ltr'><strong>in</strong></span> <span class='ocrx_word' id='word_1_243' title='bbox 1074 4526 1159 4600; x_wconf 90' lang='lat' dir='ltr'><strong>sinu</strong></span> <span class='ocrx_word' id='word_1_244' title='bbox 1188 4527 1349 4628; x_wconf 87' lang='lat' dir='ltr'><strong>gaudens</strong></span> <span class='ocrx_word' id='word_1_245' title='bbox 1376 4524 1566 4607; x_wconf 88' lang='lat' dir='ltr'><strong>Fabricius</strong></span> 
     </span>
     <span class='ocr_line' id='line_1_31' title="bbox 249 4662 1567 4753; baseline 0 -11"><span class='ocrx_word' id='word_1_246' title='bbox 249 4667 443 4743; x_wconf 89' lang='lat' dir='ltr'><strong>stimulum</strong></span> <span class='ocrx_word' id='word_1_247' title='bbox 474 4664 670 4740; x_wconf 90' lang='lat' dir='ltr'><strong>Bersmano</strong></span> <span class='ocrx_word' id='word_1_248' title='bbox 703 4664 822 4740; x_wconf 88' lang='lat' dir='ltr'><strong>literis</strong></span> <span class='ocrx_word' id='word_1_249' title='bbox 855 4662 1032 4753; x_wconf 90' lang='lat' dir='ltr'><strong>admovit,</strong></span> <span class='ocrx_word' id='word_1_250' title='bbox 1071 4671 1113 4734; x_wconf 92' lang='lat' dir='ltr'><strong>ut</strong></span> <span class='ocrx_word' id='word_1_251' title='bbox 1145 4663 1303 4738; x_wconf 89' lang='lat' dir='ltr'><strong>carmine</strong></span> <span class='ocrx_word' id='word_1_252' title='bbox 1335 4685 1400 4738; x_wconf 87' lang='lat' dir='ltr'><strong>auo</strong></span> <span class='ocrx_word' id='word_1_253' title='bbox 1426 4664 1567 4742; x_wconf 87' lang='lat' dir='ltr'><strong>maiora</strong></span> 
     </span>
     <span class='ocr_line' id='line_1_32' title="bbox 75 4796 1564 4942; baseline -0.003 -63.145"><span class='ocrx_word' id='word_1_254' title='bbox 75 4835 110 4906; x_wconf 63' lang='lat' dir='ltr'><strong>,a</strong></span> <span class='ocrx_word' id='word_1_255' title='bbox 119 4849 147 4900; x_wconf 70' lang='lat' dir='ltr'><strong>,a</strong></span> <span class='ocrx_word' id='word_1_256' title='bbox 159 4867 193 4942; x_wconf 48' lang='grc' dir='ltr'><em>Λ</em></span> <span class='ocrx_word' id='word_1_257' title='bbox 247 4801 538 4904; x_wconf 76' lang='lat' dir='ltr'><strong>amplecteretur.</strong></span> <span class='ocrx_word' id='word_1_258' title='bbox 599 4796 722 4893; x_wconf 88' lang='lat' dir='ltr'><strong>„Nam</strong></span> <span class='ocrx_word' id='word_1_259' title='bbox 762 4799 846 4898; x_wconf 88' lang='lat' dir='ltr'><strong>quia</strong></span> <span class='ocrx_word' id='word_1_260' title='bbox 885 4797 933 4872; x_wconf 89' lang='lat' dir='ltr'><strong>ad</strong></span> <span class='ocrx_word' id='word_1_261' title='bbox 971 4796 1116 4876; x_wconf 78' lang='lat' dir='ltr'><strong>felicem</strong></span> <span class='ocrx_word' id='word_1_262' title='bbox 1156 4805 1322 4875; x_wconf 76' lang='lat' dir='ltr'><strong>namnam</strong></span> <span class='ocrx_word' id='word_1_263' title='bbox 1362 4796 1564 4876; x_wconf 85' lang='lat' dir='ltr'><strong>adiunxisti</strong></span> 
     </span>
     <span class='ocr_line' id='line_1_33' title="bbox 19 4933 236 5020; baseline -0.028 6"><span class='ocrx_word' id='word_1_264' title='bbox 19 5011 20 5014; x_wconf 7' lang='grc' dir='ltr'>γ</span> <span class='ocrx_word' id='word_1_265' title='bbox 80 4911 236 5026; x_wconf 49' lang='lat' dir='ltr'><strong>lior·</strong></span> 
     </span>
    </p>
   </div>
   <div class='ocr_carea' id='block_1_5' title="bbox 0 0 1668 5348">
    <p class='ocr_par' dir='ltr' id='par_1_6' title="bbox 0 0 1668 5348">
     <span class='ocr_line' id='line_1_34' title="bbox 0 0 1668 5348; baseline 0 3"><span class='ocrx_word' id='word_1_266' title='bbox 0 0 1668 5348; x_wconf 95' lang='lat' dir='ltr'><strong> </strong></span> 
     </span>
    </p>
   </div>
  </div>
 </body>
</html>
