3242 5356
860 339 916 429 ‘48

411 625 606 694 Demersum
627 635 772 702 nostrae,
795 625 856 694 sub
880 609 981 694 avitae
1002 623 1151 716 pondera
1171 645 1290 698 noxae,

406 737 572 833 Redderet
591 753 630 810 ut
649 746 746 810 vitam
768 747 908 821 cunetis,
930 763 1138 833 poenamque
1160 741 1291 836 levaret,

404 861 513 946 Quem
532 884 633 949 penes
656 871 705 928 est
727 865 830 928 omnis
851 871 1032 947 terraeque
1044 862 1207 944 marisque
1228 863 1385 944 potestas,

406 977 515 1062 Quem
529 979 656 1046 ooelum
670 979 808 1066 supplex
821 988 1008 1054 veneretur,
1028 977 1229 1062 Tartaraque
1245 975 1390 1046 horrent,

406 1096 493 1165 Cum
511 1079 621 1184 patre,
643 1097 809 1162 maiestate
832 1101 919 1185 pari,
943 1118 1017 1166 oum
1040 1095 1190 1168 Flumine
1212 1093 1355 1186 saorol')

339 1325 395 1400 Ao
420 1323 467 1398 de
498 1322 700 1422 praesentia
725 1317 861 1397 Christi
893 1323 933 1397 in
958 1346 1059 1398 saera
1085 1345 1197 1397 coena
1224 1319 1306 1421 quis
1332 1317 1469 1394 erroris
1493 1315 1549 1392 vel

241 1459 440 1560 impietatis
465 1457 680 1533 insimulare
706 1483 791 1532 eum
810 1457 950 1532 'audeat
974 1458 1025 1556 ita
1050 1458 1283 1533 sentientem:

371 1679 520 1758 Christus
543 1694 666 1779 etipse
688 1713 747 1758 suo
768 1701 898 1778 praesto
920 1701 970 1760 est
991 1713 1066 1758 oum
1088 1711 1225 1778 corpore
1248 1709 1380 1764 coenae,

411 1807 566 1897 Corporis
588 1820 626 1876 ut
645 1809 744 1876 faeiat
763 1831 823 1874 nos
847 1831 977 1894 quoque
1000 1807 1146 1876 membre
1166 1809 1233 1874 sui:

367 1927 577 2014 Insertosqus
599 1926 661 1994 sibi
682 1935 799 2014 gestet,
821 1948 888 1992 non
909 1930 1013 1993 earnis
1036 1926 1193 2002 adhaesa,

409 2043 476 2112 Sed
496 2047 623 2133 proprii
644 2066 732 2110 nexu
753 2044 890 2109 flaminis
913 2052 1010 2128 atque
1033 2043 1108 2110 fide.
1141 2123 1143 2130 Ι

367 2161 509 2230 Numina
529 2161 699 2229 Pontifiois
720 2161 875 2256 iumaoea
895 2160 1035 2252 mundus
1058 2161 1181 2237 adoret,

407 2280 466 2348 Me
488 2279 549 2346 tibi
571 2302 645 2346 oum
666 2279 773 2346 Paulo
794 2278 944 2355 eredere,
968 2274 1234 2354 Christe,·iuvet
1361 2363 1375 2372 ..

307 2415 310 2426 ’
365 2397 493 2466 Horum
515 2374 575 2485 qui
593 2397 727 2464 stultum
749 2396 840 2464 duoit
861 2394 1065 2471 subscribere
1086 2395 1208 2471 verbis,
1377 2369 1382 2379 ¹

397 2515 462 2584 'Nil
483 2535 606 2594 moror,
628 2514 691 2582 boe
712 2513 802 2580 dioar
822 2513 930 2582 iudice
952 2514 1068 2582 stultus
1091 2535 1163 2602 ego.

768 3140 1097 3264 ΚΧ,Ι

245 3471 251 3483 ·
340 3432 493 3510 Tantam
532 3445 613 3536 post
651 3433 803 3511 brevem
839 3438 1006 3512 fortunae
1044 3436 1209 3512 favorem
1247 3459 1372 3511 rerum
1402 3460 1551 3514 suarum

238 3568 529 3647 vicissitudinem
555 3580 742 3670 expertus,
769 3569 989 3649 Bemmanus
1016 3557 1129 3647 eain·
1147 3570 1258 3664 urbe,
1284 3573 1324 3647 in
1350 3595 1422 3670 qua
1441 3573 1549 3649 modo

239 3703 368 3804 gratia
396 3706 609 3782 auctoritate
635 3714 672 3781 et
696 3706 815 3807 gloria
838 3706 978 3801 floruit,
1009 3732 1107 3783 nuno
1131 3715 1226 3782 tecto
1253 3731 1295 3781 eo
1321 3706 1403 3782 oibo
1429 3709 1549 3809 prohi-

228 3837 360 3916 bitum
391 3864 430 3916 se
461 3840 565 3917 vidit
620 3837 693 3916 Sed
724 3865 782 3918 res
814 3842 986 3919 adversae
1011 3844 1110 3920 viros
1135 3842 1247 3918 fortes
1273 3841 1482 3942 explorant,
1517 3855 1551 3920 et

238 3974 371 4049 fortem
396 3999 482 4051 sane
507 3976 575 4050 ille
600 3999 639 4050 sa
665 3979 845 4076 praestitit
869 3979 1060 4062 literarum
1086 3978 1227 4054 studiis·
1243 3976 1408 4070 innixus,
1434 4003 1551 4078 „quae

240 4109 392 4213 quidem
406 4110 590 4188 ¹secundas
623 4134 681 4186 res
712 4122 858 4207 ornant,
890 4114 1053 4193 adversis
1079 4114 1286 4216 perfugium
1310 4138 1353 4188 ae
1378 4111 1551 4189 solatium

238 4246 432 4348 praebent,
458 4245 652 4322 ,delectant
683 4246 802 4342 domi,
840 4273 914 4326 non
952 4248 1158 4349 impediunt
1192 4249 1300 4326 foria:
1340 4259 1552 4349 pomoetant

238 4382 445 4475 uobiscum,
479 4367 768 4482 peregrinantur,
806 4386 1060 4461 rusticantur.“
1108 4382 1226 4477 Idem,
1264 4382 1327 4485 qui
1356 4381 1416 4456 his
1448 4407 1551 4460 orna·

227 4517 389 4596 tissimis
414 4516 537 4595 verbis
562 4517 713 4594 laudem
744 4517 934 4599 literarum
965 4523 1100 4624 pariter
1132 4544 1174 4597 ao
1204 4541 1292 4596 suae
1309 4487 1553 4619 ¹eloquentiae

305 4828 336 4893 1ὓ)
353 4843 462 4898 venua,
481 4842 496 4882 e
513 4831 596 4884 vorssa
612 4830 749 4888 renum
765 4831 925 4888 omninibus
942 4834 976 4886 da
993 4832 1094 4886 cuneta
1113 4831 1236 4900 extempl.
