3242 5356
862 301 907 376 02
1323 391 1330 410 ,

1609 450 1610 500 i

223 582 400 658 ationem
436 603 532 672 cam,
574 605 684 679 quam
718 581 836 656 editor
867 582 959 657 oiim
986 577 1131 681 Lipsiae
1156 582 1342 661 studiosae
1368 567 1548 662 lavenna

224 717 462 818 praelegerat.
523 713 659 792 Tomus
698 717 841 815 prImus
881 716 1071 793 dedicatus
1112 726 1166 790 est
1206 717 1344 792 clariss.
1388 718 1550 814 Philippo

232 853 459 941 demoratio,
503 851 565 952 qui
599 851 830 926 renovandae
862 854 996 928 veteris
1029 852 1210 928 amicitiae
1239 877 1347 926 causa
1373 855 1551 952 superiori

226 1012 321 1060 anno
363 981 552 1060 Servestae
597 1011 682 1060 cum
721 985 920 1062 Bersumno
965 996 1197 1079 convenerat,
1246 1013 1317 1086 qua
1365 989 1552 1064 occasione

226 1121 350 1196 oblata
390 1107 483 1195 alter
517 1147 602 1196 cum
634 1122 749 1195 altero
782 1122 981 1198 iucundam
1014 1121 1187 1222 pristinae
1216 1123 1493 1198 consuetudinis
1520 1133 1554 1196 ei

220 1257 433 1332 coniunctae
459 1258 498 1330 in
524 1256 705 1331 bonarum
745 1257 939 1334 literarum
965 1258 1122 1332 militiae
1131 1314 1143 1349 ,
1183 1283 1314 1358 operae
1340 1268 1376 1332 et
1414 1257 1555 1334 laboris

224 1392 513 1468 recordationem
560 1393 734 1466 familiari
780 1417 893 1491 eoque
934 1394 1150 1468 suavissimo
1192 1393 1379 1492 colloquio
1421 1393 1553 1492 repeti-

223 1537 371 1620 verant,
405 1528 553 1626 utrique
586 1536 715 1602 mutuo
748 1525 819 1601 sibi
850 1527 1075 1626 gratulantes
1102 1528 1243 1604 exitum
1271 1555 1312 1604 ac
1338 1528 1453 1604 finem
1481 1537 1553 1602 siu·

226 1663 372 1738 diorum
399 1664 549 1754 „neutri
576 1662 873 1763 poenitendum.“

323 1813 429 1890 Anno
451 1824 624 1914 sequente
643 1811 864 1890 Bersmanus
879 1815 926 1887 M.
946 1816 1087 1888 Annaei
1107 1815 1307 1890 Laconide
1328 1814 1430 1890 bello
1451 1817 1555 1892 civili

222 1951 285 2024 vel
312 1947 525 2024 Pharsaliae
550 1948 667 2023 libros
693 1951 835 2042 decem,
867 1975 915 2024 ex
941 1959 1097 2049 quatuor
1123 1975 1235 2025 manu
1268 1951 1426 2025 exaratis
1454 1952 1553 2028 eodi-

221 2083 325 2160 cibus
352 2084 561 2159 emendatos
588 2085 811 2184 scholiisque
837 2085 1041 2160 illustratos
1067 2087 1163 2186 typis
1190 2085 1424 2160 excudendas
1450 2111 1553 2163 cura·

108 2251 113 2258 ·
220 2221 289 2313 vit,
324 2221 497 2320 quoniam
524 2246 579 2313 ea,
613 2245 706 2320 quae
732 2244 818 2295 vere
844 2227 989 2320 poetam
1013 2222 1167 2312 faciunt,
1202 2219 1501 2312 „elaborationis
1520 2232 1555 2298 et

220 2356 474 2458 perpolitionis
507 2381 682 2432 versuum
717 2355 946 2456 diligentiam
955 2358 974 2393 “
1012 2355 1081 2429 illo
1115 2356 1153 2429 in
1187 2379 1296 2456 opere
1329 2381 1402 2428 non
1440 2357 1553 2432 modo

222 2515 409 2593 apparere,
438 2492 504 2566 sed
524 2518 608 2568 cum
628 2491 847 2568 excellentia
866 2490 1024 2589 quadam
1044 2489 1203 2566 eminere
1223 2490 1409 2566 iudicabat
1427 2502 1554 2568 contra

223 2628 434 2727 opinionem
461 2653 602 2721 eorum,
636 2629 700 2728 qui
727 2625 917 2702 Lucanum
945 2650 1102 2718 „navem
1129 2635 1238 2701 vento
1267 2628 1443 2726 plenam“
1471 2629 1494 2702 i.
1523 2654 1553 2704 e.

222 2756 406 2838 rhetorem
433 2764 554 2863 potius
582 2789 692 2862 quam
718 2768 863 2861 po'e'tam
890 2785 967 2860 esse
995 2759 1237 2858 censebani.*)

323 2915 430 2987 Anno
457 2909 616 2987 MDOXI
642 2909 931 2988 Commentarios
958 2914 997 2987 in
1024 2916 1071 2986 M.
1096 2915 1133 2986 T.
1161 2915 1344 2987 Ciceronis
1370 2916 1554 2990 orationes

183 3068 184 3071 ’
221 3046 302 3157 ¹(pr'o
330 3048 481 3141 Archia,
515 3047 707 3140 Marcelle,
742 3046 881 3122 Milone
912 3058 948 3122 et
980 3045 1069 3122 XIV
1101 3045 1280 3148 Philipp.)
1315 3073 1362 3122 ex
1392 3049 1555 3126 aliorum

221 3188 465 3285 interpretum
492 3185 644 3259 scholiis
664 3183 853 3276 collectos,
881 3208 947 3257 suo
966 3185 1088 3258 studio
1106 3183 1351 3283 locupletatos
1370 3192 1406 3258 et
1425 3186 1553 3260 iuven·

219 3322 308 3395 tutis
336 3320 538 3394 rationibus
566 3320 752 3420 adaptatos
779 3319 908 3392 emisit.
943 3317 1049 3392 Anno
1070 3319 1228 3416 denique
1245 3313 1385 3391 MDCII
1405 3321 1554 3392 Horatii

221 3458 346 3529 Flacci
364 3463 532 3555 poemata
559 3455 745 3529 illustrata
765 3463 801 3528 et
828 3453 1018 3528 emendata
1037 3453 1154 3528 edidit
1175 3452 1351 3530 adhibitis
1369 3477 1436 3526 sex
1454 3455 1552 3530 codi·
1609 3539 1610 3546 ἵ

221 3591 290 3666 bus
317 3591 574 3691 manuscriptis
601 3599 637 3664 et
664 3588 823 3688 optimae
854 3597 960 3663 notae
985 3588 1095 3663 libris
1121 3588 1264 3686 aliquot
1295 3590 1498 3688 impressis,
1535 3617 1553 3663 e

221 3749 378 3826 quorum
409 3750 562 3800 numero
595 3727 811 3825 praecipuus
836 3725 921 3816 ibit,
957 3725 1021 3822 qui
1048 3721 1198 3824 Dionys.
1227 3723 1398 3800 Lambini
1431 3749 1551 3800 emen·

220 3861 405 3937 dationem
431 3859 622 3952 reddebat,
650 3858 874 3958 Antverpiae
902 3883 1066 3932 excusus.
1105 3857 1230 3959 Ipsum
1257 3867 1400 3959 poetam
1426 3857 1551 3934 Venu-

221 3997 344 4070 sinum
370 3993 591 4071 Bersmanus
618 3995 745 4070 eadem
777 4019 862 4068 cum
888 3989 1048 4092 Virgilio
1076 3995 1199 4107 palma
1231 3995 1381 4094 dignum
1414 3996 1552 4070 iudica·

221 4131 361 4222 vitiis,
389 4140 431 4205 ut
449 4132 480 4205 si
508 4157 635 4205 eorum
655 4131 769 4204 altero
796 4139 879 4204 utro
901 4129 1099 4203 carendum
1126 4129 1232 4205 nobis
1253 4131 1314 4223 sit,
1343 4154 1552 4230 nonaeque
1609 4141 1610 4204 ἔ

223 4265 262 4339 in
289 4274 436 4363 promtu
463 4266 534 4341 sibi
562 4275 705 4366 putaret
731 4274 903 4356 statuere,
935 4265 1053 4338 utrius
1080 4265 1218 4340 iactura
1246 4267 1368 4340 animo
1400 4267 1551 4342 ferenda
1609 4229 1610 4272 l

221 4411 315 4477 esset
345 4403 527 4501 aequiore.
580 4397 718 4493 „Quod
749 4399 846 4472 enim
873 4401 920 4474 ad
953 4401 1156 4475 carminum
1189 4401 1389 4499 requiritur
1420 4425 1553 4476 sonum

226 4605 537 4616 mnan—...-

294 4725 323 4788 *)
341 4726 518 4778 Accesserant
543 4727 602 4776 hnic
627 4727 750 4778 editioni:
776 4725 873 4777 Lucani
898 4727 940 4775 ad.
961 4725 1030 4792 Caip.
1050 4725 1171 4778 Pisonem
1190 4725 1382 4793 Panegyricus,
1408 4727 1552 4782 camerarii

225 4819 251 4863 et
269 4814 399 4878 scaligeri
417 4810 514 4879 notae}
531 4815 594 4864 item
616 4815 798 4868 annomiianes
815 4811 920 4872 Micylii.
1609 4817 1610 4858 i
