3328 5348
868 257 893 330 4

788 363 994 376 ψ

228 557 274 606 ex
298 531 416 606 hortis
440 531 614 639 flosculos
646 534 694 608 ad
726 536 869 635 copiam
901 535 1145 636 supellectilis
1170 538 1353 614 literariae
1379 538 1545 640 quotidie

228 666 299 742 sibi
325 664 541 766 sullegebat.

327 799 384 876 De
416 801 517 876 hisce
549 825 636 878 vero
676 801 786 876 rebus
822 803 1035 902 loquentem
1072 805 1199 879 audire
1236 807 1379 882 iuvabit
1410 810 1545 909 ipsum,

227 935 359 1010 multis
399 937 503 1011 annis
540 945 623 1037 post
661 937 860 1012 iucundam
897 938 1057 1013 tirocinii
1094 937 1289 1014 Misnensis
1327 945 1546 1020 memoriam

162 1163 164 1168 ,
228 1071 288 1146 his
305 1069 437 1145 uerbis
463 1068 728 1171 repetentem*)
755 1070 986 1166 „Acuebat,“
1018 1073 1151 1173 inquit,
1182 1075 1305 1166 „hanc
1330 1044 1444 1152 studii
1469 1081 1546 1152 mei

230 1205 498 1280 contentionem
525 1216 561 1281 et
587 1203 778 1299 currenti,⁴
793 1217 836 1281 ut
862 1208 980 1282 estin
1006 1207 1214 1308 proverbio,
1242 1207 1361 1285 calcar
1386 1211 1548 1287 addebat

230 1325 441 1440 praeceptor¹
473 1365 577 1422 meus
611 1337 785 1441 Georgius
817 1339 1022 1435 FabriciuS,
1057 1343 1120 1443 qui
1154 1368 1238 1417 cum
1270 1345 1370 1418 omni
1396 1345 1547 1420 liberali

231 1475 397 1551 doctrina
428 1484 537 1572 esset
552 1477 794 1574 politissimus
826 1484 862 1550 et
891 1477 1051 1575 poeticae
1088 1478 1256 1577 inprimis
1288 1503 1437 1578 gnarus,
1471 1507 1549 1554 non

228 1609 339 1684 modo
366 1609 517 1683 scientia
541 1635 602 1684 me
628 1634 760 1710 augere
785 1618 939 1709 poterat,
972 1612 1037 1686 sed
1070 1612 1180 1686 etiam
1213 1615 1401 1711 exemplis.
1453 1613 1548 1690 inci-

229 1742 330 1819 tabat
355 1752 541 1843 praeterea
568 1769 628 1818 me
654 1743 989 1844 condiscipulorum
1022 1769 1189 1819 meorum
1221 1747 1259 1820 in
1290 1747 1381 1821 ludo
1408 1748 1549 1823 illustri

232 1878 443 1971 aemulatio,
470 1887 508 1951 at
528 1878 707 1976 quorum?
734 1878 1007 1953 adolescentum
1027 1879 1167 1954 solidae
1185 1880 1307 1955 laudis
1328 1883 1549 1981 cupidorum

233 2024 269 2089 et
293 2038 424 2112 magna
455 2011 594 2086 laboris
629 2023 665 2088 et
697 2012 908 2114 diligentiae
942 2016 1171 2089 contentione
1203 2017 1242 2088 in
1273 2016 1401 2090 eodem
1434 2019 1548 2092 curri·

232 2149 316 2225 culo
343 2171 421 2222 1111
447 2149 705 2223 exercentium.
757 2146 805 2221 Et
836 2147 1002 2224 fervebat
1033 2151 1132 2223 enim
1163 2158 1244 2223 tum
1277 2175 1369 2249 opus
1402 2160 1439 2225 et
1464 2178 1548 2225 con·

232 2285 341 2360 citato
370 2283 522 2383 quisque
549 2308 657 2358 cursu
683 2283 846 2382 palmam
871 2282 1063 2382 appetebat
1080 2281 1275 2358 Musicam:
1302 2285 1341 2357 in
1368 2310 1439 2383 qua
1465 2312 1548 2360 con-

232 2399 432 2519 sequenda,
459 2419 491 2491 si
517 2443 591 2492 non
610 2419 729 2518 prima
748 2427 872 2494 tenere
891 2427 1026 2518 posset,
1054 2427 1258 2495 extremum
1277 2397 1408 2494 saltem
1428 2421 1550 2498 redire

231 2553 394 2657 pudebat
417 2555 751 2654 unumquemque.“
1640 2623 1641 2654 ,

236 2675 237 2680 ¹
325 2686 437 2784 ¹ldem
469 2683 623 2784 alias**)
657 2687 703 2763 ab
731 2688 809 2787 ipso
837 2687 889 2761 ita
914 2686 1072 2762 relatum
1096 2687 1246 2786 legitur:
1279 2683 1457 2780 „Solebat
1482 2688 1552 2762 ille

234 2824 440 2900 studiorum
464 2823 674 2897 moderator
698 2822 940 2922 peritissimus
973 2848 1015 2896 ac
1044 2845 1190 2896 morum
1214 2797 1388 2896 formator
1413 2821 1551 2896 fidelis·
1640 2855 1641 2914 3

233 2962 347 3035 simus
365 2984 439 3032 non
457 2957 568 3031 modo
587 2958 736 3031 hortatu
756 2957 1045 3056 praeceptisque,
1072 2956 1138 3031 sed
1158 2981 1224 3030 suo
1245 2959 1355 3030 etiam
1379 2959 1551 3057 exemplo

235 3118 367 3194 augere
400 3094 438 3168 in
471 3090 578 3164 nobis
615 3093 729 3166 studii
767 3118 809 3166 ac
845 3092 1057 3190 diligentiae
1097 3090 1360 3184 assiduitatem,
1400 3101 1554 3168 acuente

237 3229 452 3306 eandemet
471 3227 574 3324 quasi
595 3227 787 3325 instigante
814 3224 1150 3323 condiscipulorum
1170 3250 1313 3324 quoque
1332 3233 1553 3319 nostrorum,
1640 3307 1641 3312 ,

236 3367 276 3442 in
301 3364 368 3438 illo
382 3361 498 3462 spatio
517 3360 711 3435 nobiscum
733 3361 1019 3452 decurrentium,
1041 3361 1294 3433 aemulatione.
1334 3357 1383 3430 Et
1402 3358 1555 3434 ardebat

237 3500 336 3577 enim
350 3508 431 3572 tum
449 3521 533 3572 cum
559 3496 745 3571 alacritate
758 3494 936 3592 ¹discendi
962 3495 1001 3567 in
1026 3494 1158 3567 animis
1185 3493 1351 3567 omnium
1371 3495 1554 3593 cupiditas
1640 3495 1641 3514 ³

237 3633 417 3734 quaedam
448 3655 556 3708 verae
586 3631 710 3706 laudis
749 3638 786 3704 et
816 3637 967 3728 urgente
1005 3653 1225 3727 unoquoque
1258 3651 1406 3724 cursum
1442 3653 1555 3726 quem

237 3776 393 3869 poterat,
427 3766 642 3842 indecorum
676 3764 892 3856 ducebatur,
927 3764 966 3836 in
998 3763 1189 3862 postremis
1221 3762 1390 3862 relinqui.
1444 3759 1554 3852 Quod

239 3905 271 3980 si
298 3926 408 4001 quem
434 3901 570 4000 ingenii
596 3902 654 3977 vis
680 3899 875 3990 defecerat,
907 3896 1193 3997 haudquaquam
1218 3896 1285 3970 ille
1311 3921 1375 3995 spe
1398 3896 1554 3972 infracta
1640 3949 1641 4010 p

240 4048 277 4115 et
310 4037 565 4135 languescente
606 4034 727 4108 studio
767 4033 815 4108 ad
854 4033 970 4107 otium
1003 4039 1040 4105 et
1072 4032 1241 4106 inertiam
1280 4030 1446 4125 devolvi,
1486 4033 1554 4108 sed
1640 4031 1641 4036 ’

240 4181 391 4252 naturae
417 4168 677 4269 impedimenta
702 4189 873 4265 superare
898 4165 1025 4240 labore
1052 4174 1088 4240 et
1113 4166 1325 4242 industria.“

340 4304 457 4380 Tanta
481 4327 568 4380 vero
597 4327 711 4401 quum
737 4310 831 4377 esset
856 4309 893 4375 11
912 4303 950 4376 in
976 4309 1206 4401 praeceptore
1228 4302 1381 4377 docendi
1403 4302 1554 4378 solertia

242 4451 279 4520 et
303 4443 342 4516 in
367 4438 547 4539 discipulo
574 4437 737 4514 discendi
763 4437 956 4537 cupiditas,
984 4435 1074 4534 quid
1098 4435 1250 4528 mirum,
1278 4438 1377 4535 quod
1402 4437 1469 4514 ille
1496 4463 1551 4515 ac·

311 4666 341 4728 *)
358 4678 383 4716 v.
403 4665 553 4732 epistolam,
578 4674 655 4724 quarn
672 4661 700 4711 B.
716 4641 799 4723 ¹priori
816 4661 963 4722 poematum
981 4671 1087 4709 suorum
1105 4660 1172 4720 parti
1188 4660 1330 4719 praemisit.

295 4751 341 4820 **)
358 4754 385 4804 ln
404 4750 527 4818 epistola,
547 4761 597 4814 qua
614 4752 684 4798 torno
701 4749 784 4810 pnmo
803 4746 989 4811 Georgicorum
1006 4745 1108 4808 vngssfl
1123 4744 1256 4807 praefatus
1276 4749 1323 4794 111.
