3328 5348
650 353 854 470 „nn

34 651 35 659 ¹
106 639 143 703 et
181 629 343 703 effictum
382 652 460 702 esse
497 628 692 705 videretur.
757 629 853 705 Hinc
893 631 1002 704 etiam
1038 629 1257 719 Bersmanus
1273 657 1277 668 ·
1295 632 1414 707 adhuc

105 787 197 863 puer
228 764 390 837 maximo
430 745 610 838 desiderio
649 765 797 840 affectus
838 773 891 839 est
928 765 1099 843 visendae
1131 765 1414 864 salutandaeque

104 897 208 970 illius
232 896 352 990 urbis,
379 905 498 970 totum
526 923 618 996 quae
644 899 735 973 olim
759 899 891 972 terruit
916 897 1057 992 orbem,
1084 898 1165 991 ubi,
1201 924 1415 998 quacunque

104 1031 530 1132 ingredere,.vestigium
556 1057 668 1130 ponas
693 1034 732 1107 in
758 1033 919 1130 aliquam
937 1033 1145 1125 historiam,
1171 1042 1214 1106 nt
1240 1034 1286 1108 de
1303 1032 1414 1108 Athe·

105 1167 161 1240 nis
187 1166 298 1239 refert
324 1161 462 1240 Cicero.
512 1163 570 1238 En
594 1169 770 1264 causam,
789 1191 855 1242 cur
886 1165 985 1240 idem
1011 1167 1085 1239 iam
1099 1156 1149 1239 ¹in
1172 1165 1265 1240 flore
1290 1168 1416 1241 aetatis

17 1307 19 1312 '
102 1297 248 1373 ltaliam
273 1324 346 1372 non
373 1300 444 1373 sibi
470 1300 748 1398 relinquendam
767 1325 845 1375 esse
864 1301 1021 1399 putavit,
1048 1309 1243 1398 antequam
1261 1299 1415 1375 Romam

102 1435 258 1510 visisset.
317 1430 459 1507 Verum
491 1434 588 1507 enim
619 1458 705 1510 vero
739 1434 809 1510 hoo
841 1435 912 1508 sibi
945 1459 1130 1508 summum
1158 1434 1268 1508 decus
1294 1436 1416 1510 itineri

104 1595 169 1644 suo
204 1569 338 1644 addere
369 1576 539 1666 negatum
570 1578 638 1659 est,
674 1569 760 1667 quia
786 1593 921 1660 comes,
953 1570 1073 1642 nescio
1102 1569 1199 1666 quis,
1234 1594 1317 1643 cum
1344 1595 1415 1669 quo

103 1701 258 1776 Romam
290 1701 470 1801 potiturus
497 1710 589 1792 erat,
623 1701 661 1775 in
692 1703 754 1778 via
778 1701 907 1776 morbo
940 1702 1104 1795 affectus,
1138 1703 1308 1802 precibus
1340 1705 1416 1778 suis

104 1836 277 1928 obtinuit,
317 1846 360 1908 ut
398 1836 444 1908 ab
482 1837 610 1910 itinere
649 1846 814 1936 suscepto
854 1836 1073 1910 recederent.
1133 1833 1167 1910 N
1169 1863 1209 1910 ec
1245 1838 1336 1929 scio,
1370 1862 1417 1910 an

104 1995 255 2069 ponam,
282 1970 351 2043 hoc
376 1969 530 2044 feliciter
555 1971 606 2043 ita
632 1974 808 2062 evenisse,
844 1994 957 2069 quum
982 1968 1136 2076 Romam
1161 1971 1228 2044 illo
1253 1981 1417 2071 tempore

106 2105 209 2179 adire
235 2104 395 2176 maxime
419 2104 666 2201 periculosum
693 2115 769 2178 erat
794 2105 856 2196 iis,
892 2105 955 2202 qui
988 2129 1009 2176 a
1034 2105 1202 2178 formulis
1232 2105 1416 2204 papisticis

106 2239 218 2314 alieni
253 2237 499 2335 evangelicam
532 2239 775 2337 sequebantur
805 2238 1017 2312 doctrinam.
1074 2233 1188 2312 Cuius
1221 2239 1272 2311 rei
1308 2239 1415 2312 docu-

23 2353 26 2358 ’
106 2381 272 2446 mentum
302 2370 364 2447 vel
396 2371 463 2446 ille
494 2369 688 2472 Philippus
714 2367 942 2446 Camerarius
973 2371 1157 2470 praebuit,
1193 2373 1256 2470 qui
1281 2370 1417 2446 Romae

106 2507 153 2580 ob
193 2505 411 2604 religionem
442 2507 481 2578 in
514 2531 672 2581 carceres
704 2505 951 2605 Inquisitionis
984 2507 1164 2581 coniectus
1195 2505 1262 2581 vix
1294 2505 1417 2581 salvus

107 2641 238 2732 evasit,
272 2641 342 2713 nisi
371 2637 571 2739 Imperator
602 2647 638 2714 et
665 2639 857 2734 Albertus,
884 2639 1058 2716 Bavariae
1086 2640 1179 2731 dun,
1206 2640 1418 2714 auctoritate
1520 2719 1524 2738 Ι

106 2799 170 2848 sua
210 2771 526 2872 subvenissent.*).
586 2771 754 2858 Ceterum
789 2773 1009 2849 Bersmanus
1046 2775 1154 2848 facile
1193 2773 1417 2871 acquiescere

108 2913 228 3008 potuit
253 2910 293 2982 in
319 2909 379 3000 iis,
407 2933 497 3006 quos
523 2910 597 2983 iam
623 2936 642 2984 e
668 2910 953 3011 peregrinatione
979 2918 1200 3009 perceperat,
1227 2908 1418 2990 literarum

108 3053 144 3118 et
169 3044 305 3117 artium
328 3043 525 3136 fructibus,
554 3068 669 3142 quum
694 3070 769 3117 non
795 3045 917 3118 solum
944 3045 1166 3143 experientia
1191 3043 1277 3116 artis
1303 3043 1416 3117 medi·

109 3180 209 3252 cinae
249 3179 388 3252 doctior
425 3187 462 3252 et
501 3179 704 3278 cognitione
743 3175 905 3254 Gallicae
945 3190 1052 3277 atque
1089 3175 1236 3251 Italicae
1271 3177 1417 3276 linguae

110 3317 262 3405 auctior,
289 3313 353 3387 sed
380 3313 488 3386 etiam
514 3322 591 3386 arte
616 3315 756 3410 poetica
781 3313 889 3412 longe
916 3313 1076 3386 ornatior
1102 3319 1138 3384 et
1163 3311 1262 3385 omni
1287 3335 1417 3409 genere

111 3425 295 3522 doctrinae
306 3447 548 3547 philologicae
562 3458 597 3522 et
608 3447 879 3545 philosophicae
890 3447 1012 3520 multo
1021 3445 1241 3543 locupletior
1254 3446 1416 3519 evaserit.

111 3579 239 3655 Exstat
250 3599 398 3656 'carmen
411 3575 662 3681 Christophori
676 3575 1045 3680 schenenbergiifl),
1072 3578 1269 3652 Bersmano
1296 3588 1417 3652 nostro

112 3715 337 3807 dedicatum,
365 3717 404 3789 in
430 3739 501 3812 quo
528 3714 786 3812 praeteralias
812 3740 869 3789 res
895 3715 1075 3818 advitam
1101 3715 1178 3788 eius
1198 3713 1417 3812 pertinentes

113 3857 187 3924 tota
214 3850 324 3922 etiam
349 3849 589 3948 peregrinatio
616 3849 715 3923 belle
741 3848 918 3948 descripta
936 3848 1080 3947 legitur.
1134 3845 1251 3937 Quam
1270 3846 1418 3945 quidem

114 3984 392 4080 descriptionem
417 3983 610 4082 poeticam,
645 3981 765 4081 quoad
798 3983 945 4056 nomina
977 3983 1138 4056 continet
1164 4005 1306 4071 eorum,
1341 3982 1417 4079 qui·

111 4117 181 4191 bus
213 4115 430 4190 Bersmanus
471 4118 510 4190 in
547 4115 652 4190 ltalia
684 4116 892 4190 doctoribus
927 4140 1015 4190 usus
1049 4124 1116 4206 est,
1150 4117 1326 4213 integram
1358 4137 1416 4212 ap·

113 4251 317 4350 ponendam
343 4253 481 4327 censui:

126 4471 433 4490 ...u-„m

182 4625 253 4688 *)r
270 4628 404 4678 Bersmani
428 4626 539 4688 elegiam
564 4626 610 4691 „in
631 4623 867 4686 reditnmi’iiilippi
891 4620 1047 4684 camerarii,
1070 4623 1207 4682 postquam
1231 4620 1420 4672 liberatores
1446 4541 1499 4722 l
1508 4563 1594 4653 A?
1578 4613 1609 4678 ,⁵³

116 4717 155 4762 set
173 4725 188 4761 e
206 4714 323 4764 custodia
339 4711 378 4760 l’il
394 4712 426 4759 iv
442 4711 536 4762 Pontii.
553 4711 661 4761 Maximi
662 4701 681 4734 “
1446 4645 1647 4754 fs

183 4831 228 4893 **)
245 4834 271 4882 in
289 4833 371 4896 primo
389 4837 458 4882 tomo
476 4831 623 4894 poematum
642 4829 784 4880 Baranam
778 4813 834 4950 f
850 4757 931 4873 13
948 4807 1007 4864 »¹5

1198 4925 1219 4996 2
