3242 5356
727 311 790 386 ’89
908 356 916 374 .

107 589 359 665 elaboratione
391 589 545 688 dignum
577 590 792 669 excelientis
824 591 959 692 ingenii
985 592 1064 666 tui:
1103 603 1224 666 tarnon
1256 615 1342 666 cum
1356 651 1358 657 ,
1373 591 1425 666 ab

106 725 257 801 homine
283 725 402 801 amico
426 734 466 798 et
489 724 545 798 tui
571 725 889 806 observantissimo
915 725 1179 825 proficiscatur,
1217 735 1360 827 gratum
1381 727 1426 802 id

103 859 190 952 tibi,
218 872 261 934 ut
285 886 406 962 spero,
432 863 597 938 accidere
617 863 774 960 patieris,
803 872 840 936 et
863 862 912 937 ad
937 861 1044 952 alios,
1072 885 1228 962 quorum
1255 885 1426 954 censurae
1471 891 1477 908 ·

105 1005 144 1067 et
177 995 504 1090 animadversionis
536 998 722 1072 seueritati
755 997 879 1072 minus
908 996 1119 1087 satisfaciet,
1141 974 1210 1070 'ita
1240 998 1425 1090 dotandos,

105 1139 149 1202 ut
174 1129 214 1204 in
239 1131 300 1223 iis,
333 1157 426 1231 quac
452 1132 663 1206 adolescens
686 1129 777 1223 lusi,
810 1129 939 1205 iudicii
969 1133 1216 1209 maturitatem
1240 1132 1334 1206 mihi
1365 1133 1425 1208 de·
1480 1141 1485 1152 '

103 1263 219 1339 fuisse
238 1264 353 1340 dicas:
380 1267 428 1342 ad
449 1292 500 1359 ea,
523 1291 616 1366 quae
634 1275 752 1342 aetate
772 1265 883 1365 paulo
901 1265 1065 1341 firmiore
1082 1266 1284 1366 composui,
1307 1266 1425 1342 otium

102 1397 153 1474 ed
179 1397 445 1478 elaborandum
471 1403 546 1476 nori
571 1424 783 1477 concessum
809 1425 886 1477 esse
910 1397 1206 1501 respondeum)

540 2000 543 2008 ’
669 2056 860 2181 nvn.

207 2407 347 2485 Interea
376 2407 596 2492 Bersmanus
625 2405 841 2506 professioni
872 2429 957 2480 suae
983 2431 1126 2496 summa
1151 2408 1225 2484 fide
1257 2419 1293 2484 et
1318 2375 1423 2488 indu·

100 2545 194 2620 stria
230 2544 281 2620 ita
313 2553 493 2644 praeerat,
533 2551 576 2619 ut
608 2542 648 2617 in
679 2541 799 2616 literis
837 2537 1024 2616 tradendis
1062 2539 1109 2618 ad
1148 2545 1423 2622 ostentationem

102 2679 216 2773 nihil,
249 2679 296 2754 ad
320 2679 520 2754 utilitatem
547 2688 583 2753 et
608 2679 767 2752 fructum
795 2687 979 2752 revocaret
1004 2677 1137 2752 omnia.
1189 2677 1299 2758 Recte
1326 2683 1424 2759 enim

101 2813 300 2908 iudicabat,
314 2815 570 2914 literaspcrse
584 2814 709 2886 inanes
724 2835 809 2904 esse,
824 2812 896 2886 nisi
911 2812 1085 2888 advitam
1104 2821 1139 2888 et
1155 2811 1202 2888 ad
1220 2813 1423 2891 humanita-

100 2963 180 3026 tem
198 2949 488 3026 admoverentur.
517 2946 623 3039 Quod
641 2948 680 3022 ni
698 2946 815 3038 fieret,
839 2971 948 3048 quem
965 2958 1112 3048 possent
1125 2947 1213 3024 illae
1231 2952 1422 3052 sapientio-

101 3110 198 3178 rem,
226 3109 336 3183 quem
359 3086 561 3177 iustiorem,
589 3109 698 3183 quem
716 3082 917 3175 fortiorem,
946 3107 1054 3182 quem
1072 3079 1323 3160 liberaIiorem
1342 3089 1422 3164 red·

102 3217 216 3296 dere?
248 3215 375 3319 Itaque
401 3213 595 3320 „Spartam
621 3245 726 3294 suam
746 3244 819 3293 non
844 3228 920 3292 tam
945 3220 1089 3311 κομψοὶ
1116 3243 1226 3318 quam
1243 3218 1424 3319 χρήσιμά

101 3355 220 3458 (quod
246 3355 293 3430 de
310 3351 529 3454 Epicharmo
549 3355 640 3430 alias
667 3351 816 3448 dicitur)
843 3377 959 3453 neque
985 3352 1137 3429 subtilia
1162 3357 1291 3456 magis,
1311 3345 1445 3458 'quam

100 3491 212 3567 utilia
250 3489 427 3564 tradendo
467 3491 607 3590 egregie
646 3489 805 3581 ornavit,
845 3488 997 3562 minime
1028 3487 1187 3564 'obscure
1227 3515 1312 3567 cum
1345 3489 1423 3567 vim

101 3649 330 3731 acumenque
356 3625 493 3725 ingenii
520 3635 556 3700 et
582 3601 767 3700 doctrinae
794 3622 949 3724 copiam,
984 3633 1064 3698 tum
1089 3624 1182 3699 acris
1208 3634 1244 3700 et
1273 3623 1421 3701 subtilis

100 3761 232 3837 iudicii
258 3759 470 3836 facultatem
497 3770 533 3834 et
563 3761 760 3836 memoriae
786 3759 1059 3861 praestantiam,
1093 3783 1288 3861 rerumque
1315 3735 1420 3863 expe·

99 3898 272 3972 rientiam
292 3891 578 3991 declarans‘st’)
617 3893 698 3986 Quo
718 3895 916 3996 sapientiae
927 3917 1034 3971 verae
1059 3871 1182 3970 studio
1210 3893 1299 3971 dum
1326 3922 1419 3973 corn·

100 4032 355 4132 probationem
381 4029 667 4132 intelligentium
699 4058 741 4108 ac
770 4030 953 4105 bonorum
984 4029 1190 4131 appetebat,
1230 4057 1303 4106 non
1332 4033 1420 4108 item

104 4236 423 4249 mm-

169 4377 200 4442 *)
218 4377 289 4430 liaeo
305 4379 390 4442 prims
407 4380 551 4428 carminum
569 4379 648 4428 edito
665 4378 702 4430 tta
718 4376 844 4439 inscripta
862 4380 915 4426 est:
938 4375 1121 4443 „Potuisti
1139 4377 1301 4440 cregorrt
1317 4377 1419 4428 Bara-

102 4467 207 4530 mant,
232 4463 461 4526 Annaebergensts
478 4464 506 4512 tn
527 4463 608 4515 libros
627 4463 764 4514 duodecim
782 4462 872 4512 dtvtsa.
902 4461 1013 4525 Lipsiae.
1045 4461 1109 4514 Cum
1126 4453 1297 4525 Prtvtleglo.“
1337 4461 1419 4514 Prae·

101 4551 194 4602 tattont
212 4561 297 4602 annos
315 4549 418 4600 additus
435 4545 582 4598 rntxxvr.
619 4545 876 4614 comprehenduntur
892 4549 919 4597 ln
937 4558 985 4598 es:
1010 4545 1242 4600 carminantur
1259 4547 1280 4599 1.
1313 4548 1418 4615 Epitha-

102 4637 242 4692 1antorum
259 4633 320 4684 ltbrt
336 4633 377 4684 tv.
402 4631 650 4688 Encomlasttocrun
667 4634 727 4685 llbrt
743 4615 789 4684 11.'
803 4631 983 4696 Eptcedtorum
999 4632 1059 4682 flbrt
1075 4631 1108 4686 11.
1133 4635 1302 4688 ramulorum
1319 4635 1417 4704 liberi.

103 4720 252 4786 nannum
269 4719 338 4770 uber
354 4719 374 4769 1.
407 4719 520 4772 Lucumo
537 4719 605 4772 uter
621 4717 640 4767 1.
1092 4707 1093 4710 ’

153 4803 199 4864 **)
218 4804 259 4856 Ita
274 4803 398 4861 Hclthtor
415 4806 531 4862 sciamus
547 4807 566 4856 1.
584 4818 606 4854 c
