3328 5348
902 315 923 387 2

250 541 347 616 enim
373 541 444 642 ipsi
470 564 572 616 soror
598 563 645 614 ex
662 540 759 634 avia,
793 543 920 617 Ursulo
946 543 1141 628 Schrader,
1168 538 1305 613 femina
1326 535 1561 642 Annaebergae

248 677 436 777 primaria,
465 702 555 778 quae
581 701 666 752 curn
691 677 805 753 vidua
832 687 925 753 esset
949 677 1027 751 sine
1052 675 1171 776 prole,
1200 697 1285 748 eum
1311 675 1385 750 iam
1411 675 1450 750 in
1467 683 1559 750 tute·

246 809 325 886 lam
350 813 454 887 suam
479 811 617 912 recepit
647 836 689 886 ac
720 836 793 912 pro·
819 837 885 886 suo
918 812 1047 888 eduxit
1077 809 1173 902 filio,
1204 808 1305 883 haud
1336 806 1561 885 illiberalem

248 969 326 1022 sese
351 945 527 1048 praebens
559 946 780 1046 optimarum
812 949 946 1022 artium
978 945 1203 1045 magistram,
1242 943 1381 1020 semina
1412 943 1561 1020 virtutis

246 1081 286 1156 in
319 1105 432 1182 puero
466 1081 717 1156 delitescentia
748 1090 784 1155 et
816 1106 877 1188 ore
908 1090 946 1156 et
975 1079 1144 1179 exemplo
1169 1081 1365 1155 foventem.
1418 1075 1561 1168 Quibus

245 1239 311 1315 pro
330 1216 501 1292 maximis
520 1217 559 1292 in
578 1241 617 1291 se
641 1216 783 1292 meritis
809 1213 1028 1290 Bersmanus
1046 1239 1204 1306 summa,
1232 1214 1323 1288 dum
1348 1213 1458 1304 vixit,
1485 1213 1560 1313 pie·

244 1360 318 1442 tate
343 1351 455 1426 huius
480 1361 696 1427 materterae
721 1375 808 1424 suae
828 1375 979 1451 magnae
995 1348 1212 1425 memoriam
1232 1348 1364 1424 coluit:
1390 1349 1465 1423 imo
1485 1341 1562 1420 non

244 1486 606 1584 praetermittendum
635 1486 795 1585 putavit,
831 1487 920 1584 quin
945 1509 1079 1559 nomen
1112 1492 1149 1558 et
1174 1483 1351 1558 virtutem
1376 1483 1455 1557 eins
1485 1505 1560 1556 car·

243 1619 344 1698 mine
369 1620 587 1713 celebraret,
615 1643 662 1695 ex
681 1644 754 1718 quo
773 1619 842 1693 hos
860 1643 988 1694 versus
1007 1618 1081 1693 huc
1101 1617 1229 1704 afferre
1250 1642 1324 1692 non
1343 1615 1409 1694 abs
1421 1639 1461 1692 re
1475 1615 1562 1691 erit:

86 1751 180 1854 cjl

277 1758 304 1804 ⁸l

78 1854 94 1906 J
116 1807 178 1906 μ’)
200 1767 263 1931 lpd
286 1769 343 1982 »ἴ
363 1812 485 1890 leon
506 1845 548 1890 ex
568 1830 660 1909 patre
682 1821 762 1886 mihi
782 1829 900 1920 mater,
923 1841 984 1886 nec
1006 1822 1170 1908 sanguinis
1193 1827 1282 1894 ortu,

449 1939 502 2007 Tu
524 1940 605 2006 mihi
625 1946 771 2005 materno
792 1947 925 2026 pectore
948 1946 1051 2004 mater
1072 1959 1153 2002 eras.

408 2056 494 2125 Nam
515 2057 630 2127 viduae
651 2056 780 2144 prolem
799 2055 859 2121 tibi
881 2055 970 2140 quod
991 2064 1106 2122 natura
1127 2063 1290 2141 negasset,

449 2175 528 2263 Ipse
549 2174 611 2240 tibi
631 2173 740 2262 proles
762 2182 796 2239 et
815 2172 876 2238 tibi
897 2180 990 2238 natus
1010 2195 1107 2237 eram.

408 2291 461 2359 Tu
483 2294 607 2388 gremio
629 2313 681 2357 me
704 2313 801 2377 saepe
823 2299 880 2356 tuo
904 2289 1074 2377 complexa
1094 2289 1241 2365 fovebas,

450 2408 503 2476 Tu
525 2408 605 2474 mihi
625 2407 770 2496 ponebas
793 2410 887 2472 anxia
907 2408 970 2472 rite
993 2429 1129 2472 comam.

406 2526 440 2594 A
460 2535 494 2594 te
517 2526 677 2594 elementa
697 2526 790 2590 hausi
809 2526 940 2612 pietatis
961 2527 1068 2610 prima
1088 2528 1241 2614 magistra
1289 2520 1291 2524 ’

448 2642 500 2710 Ac
522 2642 620 2709 balba
642 2642 741 2708 didici
762 2663 842 2710 voce
863 2641 961 2707 lalare
983 2641 1103 2710 Deum.

407 2763 459 2832 Tu
480 2762 561 2828 mihi
579 2760 726 2828 formasti
745 2762 858 2848 primis
878 2760 961 2828 rude
981 2769 1097 2848 pectus
1119 2760 1159 2826 ab
1184 2762 1275 2826 annia

449 2879 638 2967 Praeceptis
661 2881 756 2966 coepi
778 2879 895 2945 cultior
917 2900 986 2945 esse
1007 2881 1082 2943 tuis.

408 3000 541 3086 Ingenii
561 2997 622 3063 tibi
642 2995 842 3084 profectum,
864 2996 925 3062 tibi
946 2995 1051 3063 debeo
1074 3017 1216 3072 morum,

451 3113 488 3183 Si
510 3116 583 3204 quis
605 3123 670 3190 est,
694 3121 781 3180 certe
804 3115 945 3202 muneris
967 3112 1022 3179 ille
1044 3115 1094 3180 tui
1116 3123 1173 3179 est.
1210 3113 1217 3156 -“

346 3309 420 3389 Sed
439 3313 514 3386 iam
533 3310 658 3386 redeat
676 3308 835 3385 narratio
854 3309 903 3384 ad
921 3306 1163 3382 Bersmanum
1188 3321 1358 3410 puerum,
1387 3309 1451 3410 qui
1479 3311 1561 3409 qui·

242 3447 329 3524 dem
349 3454 463 3521 semet
482 3447 562 3545 ipso
581 3452 747 3544 urgente,
775 3443 931 3518 simulac
948 3465 1015 3543 per
1028 3451 1182 3518 aetatem
1192 3443 1313 3534 licuit,
1341 3443 1381 3518 in
1392 3413 1562 3519 scholam

242 3581 504 3684 parochialem,
543 3589 586 3654 ut
615 3590 842 3678 nuncupant,
876 3579 1010 3652 missus
1035 3587 1102 3669 est,
1138 3577 1227 3652 adeo
1254 3576 1410 3666 infirmia
1435 3579 1562 3656 adhuc

242 3709 402 3810 viribus}
428 3724 472 3789 ut
488 3715 625 3816 optima
651 3714 721 3787 illa
739 3711 875 3789 Ursule
898 3736 1159 3814 saepenumero
1180 3737 1266 3787 eum
1284 3714 1379 3789 illuc
1397 3723 1562 3814 pbrtaret

243 3854 320 3929 suis
344 3851 515 3926 innixum
534 3847 716 3941 humeris,
749 3857 897 3925 atvero
929 3858 1007 3922 tam
1036 3848 1138 3922 facili
1157 3856 1373 3948 promthue
1399 3849 1560 3948 ingenio,

242 3998 286 4064 nt
303 3986 558 4086 ludimagister
577 3983 775 4083 parvulum
793 3981 947 4082 genibus
967 3983 1179 4082 impositum
1203 3991 1240 4057 et
1260 3983 1313 4058 sic
1336 4007 1447 4082 pensa
1466 3983 1560 4058 reci·

243 4132 381 4200 tantem
401 4121 486 4198 aliis
509 4118 715 4196 ostenderet
735 4119 775 4194 in
792 4119 1074 4196 aemulationem
1093 4125 1130 4194 et
1144 4112 1409 4217 exemplum*).
1437 4113 1562 4207 Quem

312 4401 341 4464 *)
358 4413 385 4454 v.
402 4414 508 4452 carmen
524 4402 552 4448 tn
569 4397 665 4448 obitum
683 4394 807 4446 Ursulus:

447 4501 467 4552 0
485 4502 585 4567 pietas,
601 4504 631 4548 tu
647 4509 689 4547 ne
706 4498 740 4546 ad
756 4497 842 4547 Musas
860 4498 963 4560 quando
981 4497 1044 4546 hora
1061 4496 1172 4545 vocabat
1281 4498 1285 4508 '

480 4599 616 4651 Gaudetas
633 4599 748 4650 humeris
765 4599 920 4650 sustinuisse
936 4599 997 4648 tuis.

449 4701 523 4752 llena
539 4701 669 4768 humeris,
687 4703 777 4766 gravis
794 4711 921 4752 annorum
937 4698 984 4748 ubl
999 4697 1085 4767 nole,
1105 4696 1225 4764 subibas,
1304 4716 1312 4728 ·

481 4801 502 4854 0
518 4803 619 4872 pratas,
635 4801 651 4854 t
667 4800 704 4857 nl
719 4815 773 4855 aaa
789 4801 939 4856 remandas
956 4811 1037 4854 amor.
