3242 5356
827 261 874 338 36

749 367 954 380 Μ

190 547 354 626 oratioui.
406 542 484 620 Vix
523 569 606 620 sum
632 543 731 646 apud
756 569 830 636 me,
872 543 922 618 ita
960 543 1076 644 gestio
1102 543 1172 619 tibi
1204 543 1380 620 honorem
1393 597 1398 608 .
1411 540 1513 618 hunc
1613 655 1614 660 Ν

189 684 377 787 gramlari.
414 679 472 756 Ex
491 683 612 756 animo
633 679 776 777 liquide
802 681 918 756 amico
946 681 1069 755 omnia
1088 678 1178 756 haec
1198 679 1514 780 proficiscuntur.“
1614 740 1615 743 ,

258 868 261 879 ’
291 869 372 971 Ipse
402 893 489 944 vero
516 865 736 942 Bersmauus
767 892 876 967 quam
902 867 1022 941 laetus
1051 892 1093 941 ac
1124 876 1314 943 contentus
1339 877 1516 969 occupata
1614 870 1615 947 ἶ

190 1004 260 1086 hac
298 1004 487 1108 provincia
524 1003 650 1076 literas
684 1001 850 1094 docebat,
891 1011 1038 1103 apparet
1071 1015 1117 1076 e'x
1149 1003 1222 1095 his,
1264 1029 1355 1103 quae
1388 1027 1515 1080 mense
1613 1039 1614 1086 3

191 1134 314 1244 Aprili
341 1163 434 1214 anno
461 1134 693 1212 MDLXXVI
720 1137 765 1211 ab
793 1163 833 1212 eo
860 1138 994 1237 scripta
1021 1133 1223 1238 reperio*):
1251 1135 1353 1237 „Ego
1380 1164 1441 1214 me
1468 1137 1515 1213 ab

150 1325 155 1334 ·
191 1280 339 1354 ineunte
372 1271 497 1348 aetate'
520 1275 741 1372 optimarum
782 1275 917 1348 artium
956 1273 1162 1375 disciplinis
1201 1271 1367 1349 deditum
1400 1273 1517 1352 fuisse

189 1437 308 1512 neque
339 1410 496 1501 inficior,
531 1433 649 1508 neque
679 1408 789 1483 huius
821 1435 882 1484 me
915 1434 999 1483 cum
1030 1407 1146 1483 Musis
1181 1409 1390 1485 commercii
1423 1411 1516 1486 adeo
1613 1485 1614 1488 ,

88 1641 89 1646 ¹
191 1551 366 1652 poenitet,
394 1555 436 1620 ut
461 1554 633 1644 provecta
662 1544 735 1619 iam
762 1544 933 1619 nonnihil
959 1552 1090 1637 aetate,
1117 1543 1156 1617 in
1182 1545 1253 1618 ista
1279 1544 1518 1622 scholasticae

189 1682 412 1762 humilitatis
431 1679 737 1778 tenuitateatque
764 1678 984 1755 obscuritate
1002 1705 1076 1753 non
1102 1659 1355 1755 consenescere
1374 1681 1516 1776 malim,

191 1819 357 1921 quamsi
384 1818 521 1918 possim
547 1824 656 1912 atque
688 1815 727 1887 in
754 1826 901 1915 promtu
928 1816 991 1906 sit,
1026 1840 1123 1888 nuno
1150 1812 1301 1890 demum
1326 1843 1386 1890 me
1412 1819 1517 1918 quasi

192 1966 372 2045 retexere,
400 1961 508 2051 atque
535 1949 733 2024 consectari
760 1951 933 2051 incipiam
958 1949 1056 2025 vitae
1081 1975 1195 2050 genus
1223 1961 1258 2025 et
1278 1949 1517 2050 splendidum

190 2093 306 2194 magis
339 2099 375 2164 ct
406 2089 644 2161 fructuosum.
697 2080 843 2159 Ceteros
881 2084 1079 2185 poeniteat,
1120 2087 1184 2185 qui
1215 2086 1278 2160 vel
1315 2085 1517 2163 ambitione

191 2225 344 2327 turgidi,
372 2224 434 2299 vel
452 2222 628 2321 pecuniae
652 2220 851 2320 cupiditate
870 2221 1035 2313 inescati,
1063 2219 1146 2294 aliis
1167 2247 1277 2320 quam
1297 2220 1369 2295 sibi
1390 2224 1517 2301 vivere
1613 2301 1614 2310 ,

169 2349 351 2452 malunt,
390 2358 429 2433 id
463 2367 532 2449 est,
573 2382 615 2431 ea
649 2356 821 2457 amplecti
855 2355 989 2448 studia,
1020 2323 1163 2455 ‘quibus
1195 2357 1448 2436 inhonorum
1481 2372 1517 2438 et

192 2497 378 2600 dignitatis
402 2494 548 2594 fulgore
575 2501 610 2567 et
638 2494 691 2567 rei
716 2494 839 2566 lautae
866 2517 907 2566 ac
932 2492 1162 2567 fortunarum
1189 2492 1397 2594 splendore,
1438 2499 1516 2574 noti

191 2635 301 2712 nimis
341 2628 527 2721 omnibus,
568 2628 681 2727 ignoti
721 2629 924 2702 moriantur
961 2627 1048 2720 sibi,
1088 2629 1291 2707 secundum
1324 2625 1516 2709 Senecam:

190 2764 466 2847 imminentibus
499 2764 726 2864 praesertim,
768 2764 822 2858 in,
840 2763 924 2856 ista,
959 2788 1051 2862 quae
1078 2774 1160 2838 ante
1192 2765 1317 2840 oculos
1349 2769 1517 2871 interque

190 2930 320 2982 manus
348 2912 418 2994 est,
445 2900 548 2974 fatali
575 2923 699 2974 rerum
713 2900 879 2973 omnium
900 2901 1151 2993 conversione,
1177 2899 1379 2978 maioribus
1398 2903 1517 2981 indies

189 3027 364 3146 periculis
390 3037 488 3111 vitae
512 3037 709 3110 honoratae
735 3044 772 3108 et
798 3034 1012 3134 negotiosae.
1051 3031 1180 3136 Neque
1205 3063 1291 3112 vero
1319 3048 1388 3132 est,
1417 3043 1517 3140 quod

190 3177 396 3277 suspicetur
422 3171 571 3272 aliquis,
607 3195 665 3244 me
693 3179 755 3243 aut
781 3169 1019 3246 solitudinem
1051 3197 1092 3246 ao
1119 3173 1360 3250 desertionem
1385 3176 1515 3254 huma·

191 3281 258 3389 nae
292 3309 471 3396 societatis
505 3305 722 3406 approbare,
763 3316 826 3379 aut
858 3305 1012 3382 illorum
1049 3306 1258 3408 improbare
1294 3311 1517 3407 institutum,

192 3449 255 3554 qui
287 3445 427 3570 sapient
428 3444 502 3516 iam
529 3466 648 3533 suam,
681 3442 850 3543 prudent
841 3468 930 3534 ram,
965 3443 1319 3545 intelligentiamque
1350 3446 1397 3520 ad
1423 3472 1516 3523 rem-

191 3560 361 3684 publicae
382 3588 424 3652 ut
409 3578 521 3652 tilitat
470 3587 580 3651 tatem
603 3587 639 3650 et
664 3579 761 3652 vitae
782 3579 1004 3653 communita
984 3589 1079 3654 atem
1106 3583 1312 3655 conferunt:
1339 3581 1404 3656 sed
1432 3583 1517 3660 illo·

191 3745 275 3794 rum
298 3718 371 3800 hoc
397 3741 418 3787 a
445 3739 503 3786 me
530 3738 603 3786 non
623 3713 698 3786 dict
682 3721 772 3804 tum,
795 3712 859 3787 sed
885 3738 1099 3813 responsum
1120 3726 1173 3790 est
1197 3716 1422 3811 insolentiae,
1450 3723 1516 3822 qui

190 3855 316 3929 literas
355 3850 590 3924 humaniores
629 3849 849 3947 despiciunt,
896 3859 938 3922 ut
976 3851 1091 3926 exiles
1130 3852 1239 3927 nimis
1279 3862 1314 3926 et
1351 3853 1547 3931 humano*

191 3957 314 4089 generi
346 4009 475 4084 parum
502 3983 630 4058 utiles:
666 4009 739 4057 non
765 3985 993 4060 advertentes
1020 3983 1057 4060 in
1089 3988 1157 4061 illa
1182 3989 1296 4062 fastus
1330 3989 1387 4063 sui
1415 3991 1515 4090 iguo·

192 4123 309 4204 rantia
336 4130 372 4195 et
397 4122 619 4220 arrogantiae
645 4122 828 4214 caecitate,
843 4143 941 4196 'cum
968 4146 1042 4214 ecs,
1071 4124 1134 4222 qui
1157 4123 1217 4200 his
1244 4133 1362 4198 essent
1388 4124 1515 4222 dediti,

193 4247 372 4333 erudiisse
398 4254 551 4344 multos,
582 4276 653 4354 quc
681 4255 777 4330 cives
806 4256 999 4331 evaderent
1017 4259 1202 4352 meliores,
1230 4259 1413 4362 rebusque
1439 4265 1516 4338 suis

194 4392 353 4493 publicis
378 4389 560 4482 utilioreS,
594 4401 675 4464 tum
702 4389 788 4492 illos
815 4393 926 4490 ipsos,
961 4393 1024 4492 qui
1050 4419 1088 4468 se
1119 4396 1250 4470 rationi
1284 4394 1386 4472 civili
1419 4405 1515 4473 totos

276 4663 279 4674 ’
197 4631 700 4912 ΜΜῙΜΜΜΛ
1002 4633 1072 4824 5-

262 4782 339 4846 *Mn
278 4707 485 4912 )eplstoln
485 4785 518 4834 ed
536 4783 659 4835 loannem
677 4781 810 4836 Posthlnm
827 4785 895 4836 deta
888 4704 966 4958 li
