3242 5356
662 242 867 362 ..sm

99 515 333 612 Selneccero
347 545 439 600 cnm
460 519 599 620 lambo
632 520 801 602 Andreae
833 532 870 600 et
900 523 986 600 aliis
1017 523 1210 604 commissa
1229 531 1314 633 erat
1334 549 1416 610 eoa·

96 657 243 748 demite
269 657 467 760 Lipsiensis
491 659 540 736 de
565 657 740 736 Fonnula
765 659 980 743 concordiae
1005 656 1205 760 inquisitio
1257 621 1372 750 Qua
1362 685 1415 736 rn-

94 791 227 868 stitute
258 789 502 886 Professores,
542 794 650 870 dictis
676 793 831 870 illorum
857 793 1084 886 obedientes,
1124 792 1417 894 subscripserunt

95 951 241 1020 omnes,
280 952 364 1004 uno
389 937 539 1030 excepto
572 928 771 1006 Bersmano
792 938 954 1021 nostro,
995 928 1058 1028 qui
1091 953 1132 1004 ea
1171 928 1218 1039 de
1250 952 1290 1004 re
1326 929 1417 1004 haec

93 1063 339 1164 consignavit:
365 1059 464 1158 „Cur
487 1088 584 1140 unus
610 1089 676 1167 ego
703 1089 750 1140 ex
768 1061 1036 1166 professoribus
1062 1063 1271 1170 ordinariis,
1298 1017 1588 1208 neques‘ffti
1565 1073 1607 1160 tre,

92 1205 214 1282 aetate
245 1223 379 1299 neque
396 1199 611 1276 auctorimte
642 1225 728 1277 oum
761 1209 964 1275 ceterorum
995 1197 1180 1319 plerisque
1207 1222 1483 1300 comparara-
1447 1155 1560 1276 wi

91 1332 181 1426 dus,
223 1334 386 1436 catalogo
426 1335 487 1410 illi
526 1335 695 1410 virorum
732 1333 973 1410 obscurorum
1004 1357 1138 1410 nomen
1168 1310 1270 1408 dere
1290 1358 1418 1418 meum

92 1469 357 1561 recusaverim,
390 1469 502 1562 huius
529 1470 583 1545 rei
610 1494 735 1546 musas
758 1490 889 1577 graves
916 1478 953 1546 et
976 1469 1141 1560 idoneas,
1175 1491 1264 1568 ques
1289 1467 1414 1563 habui,

91 1603 249 1704 exposui
281 1612 364 1680 tum
393 1601 607 1680 illustribus
640 1599 924 1698 Commissariis,
958 1605 1058 1680 inter.
1079 1627 1172 1706 quos
1202 1604 1314 1679 etiem
1339 1611 1422 1708 erat

93 1735 226 1814 Nonus
253 1733 381 1835 πῖθ’),
414 1739 519 1815 cuius
549 1740 713 1818 animum
746 1740 919 1832 rationes,
953 1738 1004 1815 in'
1019 1762 1189 1816 consessu
1214 1735 1282 1850 ilio
1308 1763 1331 1814 a
1355 1761 1415 1817 me

89 1871 246 1965 allatae,
280 1873 371 1950 adeo
404 1873 734 1974 perculerunt,',ut
763 1871 999 1975 Vitebergam
1031 1873 1078 1949 od
1103 1873 1304 1974 gregalium
1331 1898 1413 1951 suo·

89 2029 188 2082 rum-
211 2008 394 2106 qucndem
432 2008 691 2108 perscriberet
712 2011 759 2084 in.
790 2010 884 2086 hano
924 2008 1154 2086 sententiam:
1204 2009 1312 2106 Apud
1349 1994 1414 2085 obe

90 2121 326 2237 Peoseasoree
361 2165 484 2218 mosee
523 2143 657 2242 ubsque
688 2149 914 2220 recusatione
946 2143 1230 2240 subscripserunt
1264 2151 1413 2241 eccepto

90 2275 309 2367 Benenato,
345 2301 422 2351 oum
448 2300 516 2375 quo
544 2281 712 2354 collocuti
737 2303 854 2354 motus
875 2303 945 2377 per
970 2279 1080 2354 toros
1105 2285 1195 2368 tres,
1229 2301 1305 2352 cum
1331 2281 1414 2353 dte-

85 2413 233 2508 perodio
259 2411 474 2488 valetudinis
500 2438 630 2490 meae.
617 2419 640 2456 “
696 2409 853 2490 Causam
890 2415 1070 2490 nimirum·
1108 2407 1292 2512 recusatas
1329 2411 1411 2490 sub·

86 2545 297 2648 scriptionis
315 2543 538 2624 Bersmonus
565 2541 646 2626 eam
671 2550 903 2651 potissimum
928 2548 1076 2642 babuit,
1044 2548 1217 2650 tquod
1227 2557 1304 2626 toto
1329 2572 1410 2648 pec·

89 2688 168 2756 tore
201 2646 501 2759 Melanchthonis
540 2685 745 2762 doctrinam
783 2685 1079 2786 amplectenset
1044 2683 1157 2780 etab
1188 2651 1411 2783 ubiquitario

91 2813 350 2918 dogmate,ra
309 2819 442 2894 rationi
468 2821 671 2920 pariterue
697 2821 898 2922 scripturae
924 2818 1177 2911 econtrario,
1211 2815 1411 2897 abhorrens

88 2949 351 3028 subscribendo
379 2954 637 3052 conscientiam
663 2980 767 3032 suam
791 2955 953 3050 laedere,
987 2954 1170 3054 simulque
1196 2953 1236 3029 in
1267 2963 1410 3028 sanctos

86 3295 210 3360 minatam
228 3300 304 3350 erat:
330 3297 500 3348 selneeeerns
524 3309 589 3350 vero
613 3300 715 3349 tantum
738 3295 939 3350 bieimoirthonis
966 3299 1152 3351 admiratorem
1177 3309 1207 3346 se
1231 3295 1409 3360 praestiterat,

85 3388 113 3432 ot
131 3385 158 3434 in
179 3383 249 3434 libro
268 3383 451 3436 recitationum
464 3396 572 3435 suarum
585 3384 735 3448 scripserit:
754 3381 823 3449 „ou
832 3381 978 3450 Philippum
995 3398 1048 3436 nou
1065 3383 1185 3446 agnoscit
1202 3385 1408 3446 praeceptorem,

87 3480 144 3520 enm
162 3479 275 3518 necesse
296 3473 345 3534 est,
365 3481 467 3521 merum
488 3481 547 3522 esse
566 3470 669 3521 asinum
688 3474 714 3518 et
731 3467 844 3521 bearem
862 3471 1086 3534 superbissimum.
1121 3468 1192 3518 Unus
1207 3465 1339 3530 Phiiippus
1358 3478 1413 3516 no·

85 3553 125 3604 bis
149 3553 264 3620 suffieit,
295 3567 365 3618 neo
375 3555 523 3618 indigemus
550 3555 625 3606 novis
646 3547 897 3606 monstratoribus.“
937 3551 1056 3620 inprimis
1080 3540 1282 3604 Melanchthonis
1307 3550 1408 3618 „Locos

87 3631 267 3693 commuues“
298 3640 404 3692 maximi
424 3641 526 3692 fecerat
552 3644 578 3689 et
601 3644 661 3704 post
683 3639 778 3691 biblia
793 3641 931 3692 meliorem
954 3641 1050 3724 librum
1073 3653 1126 3691 nou
1152 3643 1240 3690 extare
1267 3648 1408 3690 assevera-

87 3730 169 3778 verat.
204 3741 231 3776 v.
248 3723 393 3789 Feustkiog
408 3725 473 3776 iiist.
491 3725 542 3776 lev.
561 3740 587 3789 p.
605 3725 646 3774 ³2.

151 3845 183 3908 ¹⁸¹)
201 3847 251 3898 sub
267 3845 332 3898 Neri
348 3857 462 3911 persona
478 3847 545 3896 ietet
563 3843 642 3896 Nicol.
657 3844 843 3910 Selneoeerus,
867 3853 945 3910 poem
964 3847 998 3899 ob
1017 3848 1134 3912 corporis
1151 3847 1307 3896 brevitatem
1325 3841 1407 3893 Bers—
1392 3845 1549 3962 ff·

89 3943 180 3984 manos
198 3934 235 3984 ita
252 3933 380 3996 designat.
415 3931 453 3982 lte
477 3932 570 3983 eodem
594 3932 621 3980 in
640 3930 755 3982 secundo
780 3935 851 3983 torno
875 3931 1029 3996 poematum
1047 3933 1097 3984 hoc
1115 3933 1276 3998 epigramma
1292 3930 1470 4024 legitnrfflr
1451 3903 1549 4006 2
1415 3930 1591 4085 1¹13

88 4017 157 4082 „lias
176 4017 328 4070 Doctorleia
345 4018 393 4070 nait
412 4018 463 4066 den
481 4016 555 4067 klein
573 4015 704 4116 Beiirlein.
707 4006 725 4040 ‘⁴
924 4016 929 4023 '

285 4161 288 4166 '
340 4154 404 4206 cum
422 4155 470 4204 tibi
487 4154 619 4206 strictus
638 4109 673 4204 sit
692 4165 739 4218 pes
758 4155 895 4218 procerior
911 4156 989 4223 nina,

376 4239 429 4290 cnr
445 4239 544 4292 Nauem
561 4239 614 4288 diei
631 4243 673 4304 te,
693 4239 851 4307 Selenecre,
871 4241 963 4293 doleat

340 4324 449 4388 Ingenio
468 4326 513 4387 qui
529 4330 556 4374 te
574 4337 685 4391 vanum,
706 4326 751 4388 qui
768 4338 878 4389 corpore
896 4340 993 4380 nanum

373 4409 508 4478 tinxerat,
526 4411 595 4463 haud
613 4424 720 4463 oensem
737 4413 839 4462 nesciet
855 4413 901 4464 ilie
919 4427 1001 4466 suam.

343 4494 392 4546 Ast
412 4507 531 4558 ego-non
549 4507 646 4548 nonum
662 4497 756 4564 modo,
776 4502 819 4564 te,
837 4499 885 4547 sed
901 4499 987 4550 indico
1005 4504 1150 4554 monstram

376 4579 504 4649 Corpore,
523 4583 657 4650 doctrina,
675 4584 807 4650 moribus,
825 4585 946 4652 ingenio,

344 4665 398 4716 Sed
417 4667 528 4718 satanae
545 4672 707 4721 monstrum:
726 4670 771 4732 qui
789 4681 848 4722 curn
864 4671 977 4722 transire
994 4669 1093 4734 senas

375 4751 405 4804 ln
423 4757 530 4806 eurotas
548 4755 645 4822 possit,
663 4756 782 4820 proditur
798 4765 886 4822 ungue
906 4767 965 4807 suoi
