3242 5356
808 261 835 287 ’Ψ

779 374 983 394 ι-Δι-ιι

209 555 253 634 κ’
270 555 513 658 ιοιιίιιιιμηι
544 549 667 638 racto
685 553 776 632 haec
796 549 873 630 ar'at
890 551 1129 652 ubiquitaria,
1149 551 1198 626 ob
1219 575 1300 628 eam
1315 556 1466 630 cauam
1481 551 1535 626 ita

211 689 320 786 dicta,
339 689 438 791 quod
451 689 530 766 eius
537 688 700 766 baseclae
718 687 850 790 dogma
864 687 1050 790 quoddam
1063 687 1108 761 de
1119 685 1325 786 ubiquitnte
1337 689 1360 761 i.
1372 709 1402 762 e.
1415 685 1534 762 omni·

63 829 67 846 '
211 825 415 928 praesentia
432 825 594 926 corporis
612 818 748 899 Christi
766 823 979 917 metantur,
1000 821 1184 915 docentes,
1207 823 1247 898 in
1264 815 1424 915 Christo,
1443 844 1533 901 vam

143 1003 153 1024 ι
212 961 282 1038 deo
308 971 345 1037 et
368 982 458 1038 varo
483 958 648 1052 homine,
688 959 842 1036 alteram
868 985 952 1036 curn
987 959 1103 1034 altera
1134 935 1305 1032 ⁸naturam
1335 981 1536 1059 „persona-

211 1095 324 1174 litar“
350 1096 402 1170 ita
426 1118 504 1172 assa
528 1093 686 1186 unitam,
718 1105 761 1170 ut
786 1095 947 1171 humana
972 1102 1102 1170 nonna
1125 1091 1189 1169 vel
1214 1115 1362 1170 omnem
1387 1091 1536 1168 divinae

210 1239 363 1308 naturae
399 1229 626 1306 maiestatem
664 1238 702 1304 et
732 1230 934 1329 potentiam
963 1229 1035 1304 sibi
1062 1227 1364 1304 communicatam
1389 1225 1536 1320 habeat,

198 1370 287 1469 'quo
318 1366 429 1475 Ιᾳιίιιιι
460 1363 539 1457 fiat,
577 1373 621 1440 ut
654 1387 786 1464 corpus
816 1360 952 1439 Christi
984 1362 1122 1464 ubique
1152 1385 1336 1465 praesens,
1376 1385 1463 1464 ergo
1498 1364 1537 1436 in

210 1519 306 1604 panc
336 1521 483 1602 quoque
506 1521 628 1576 sacrae
659 1523 792 1576 coenae
815 1499 921 1579 adsit
974 1494 1093 1590 Quam
1118 1507 1311 1600 utramque
1337 1497 1384 1574 de
1416 1497 1536 1574 reali
1604 1536 1605 1541 ι

210 1646 424 1716 naturarum
449 1636 489 1710 in
514 1629 659 1710 Christo
685 1635 1012 1712 communicatione
1039 1643 1076 1708 et
1101 1633 1147 1709 da
1176 1631 1382 1736 ubiquitate
1407 1657 1534 1734 corpo·

67 1751 72 1760 ⁵
163 1829 172 1836 .
210 1771 262 1846 ris
279 1765 416 1846 Christi
441 1770 657 1845 sententiam
683 1793 799 1869 quum
816 1765 1152 1844 Melanchthoniani
1178 1779 1222 1842 ut
1239 1793 1374 1846 novam
1399 1769 1534 1870 impro-

210 1905 340 1982 barent
364 1913 402 1980 et
425 1903 687 2006 prodigiosam,
713 1903 754 1980 bi
779 1903 826 1978 ab
853 1903 931 1979 istis
952 1895 1319 2005 crypta-Calvinismi
1345 1903 1534 1980 insimula-

209 2039 358 2132 bantur,
393 2063 614 2139 quamquam
638 2061 712 2112 non
736 2035 847 2116 modo
873 2032 1097 2132 Celsiniani,
1124 2039 1189 2114 sad
1216 2039 1327 2114 etiam
1351 2033 1534 2114 Catholici

211 2170 491 2276 Ubiquistaoum
527 2182 732 2248 commenta
767 2171 1023 2274 explodebaut
1076 2170 1329 2274 Principetum
1365 2174 1534 2250 factionis

69 2389 71 2396 ,
208 2307 455 2410 ubiquitariac
485 2317 724 2407 occupaverat
750 2305 905 2382 Iacchus
930 2309 1114 2399 Andreae,
1154 2309 1348 2410 theologus
1372 2305 1533 2384 Virtam·

198 2441 411 2553 'bargensin
443 2442 507 2544 qui
534 2442 581 2518 ab
606 2465 701 2517 anno
727 2435 951 2516 MDCLXIX
976 2442 1186 2518 incredibili
1217 2443 1341 2520 studio
1367 2453 1406 2519 at
1430 2443 1531 2520 inde·

208 2579 304 2657 fasso
329 2558 457 2656 labora
482 2601 608 2654 ornnes
632 2579 709 2653 fere
734 2575 963 2678 evangelicos
984 2571 1199 2655 Germaniae
1225 2579 1409 2681 principes
1435 2603 1531 2656 com·

208 2715 427 2818 pellaverat,
459 2721 503 2789 ut
526 2713 641 2790 unitis
666 2711 812 2788 viribus
843 2737 904 2788 eas
929 2711 1015 2788 lites
1041 2724 1298 2816 componerent
1328 2725 1365 2791 et
1390 2725 1531 2791 contro·

208 2850 365 2943 versiae,
392 2870 484 2950 quae
507 2857 585 2923 tam
602 2847 732 2922 multis
751 2847 1015 2924 abhincennis
1040 2848 1202 2924 diversos
1227 2849 1413 2951 agitabant
1432 2850 1532 2926 theo·

208 2986 379 3087 logorum
404 2984 545 3059 animos
571 2991 609 3057 et
633 2981 824 3058 ecclesiam
842 2979 1090 3058 Luthcranam
1116 2985 1322 3062 tristissime
1341 2984 1530 3088 perturba·

209 3119 308 3196 bant
360 3112 430 3193 Oui
454 3105 637 3192 laudabili
663 3119 763 3217 pacis
792 3119 946 3227 consilio
979 3121 1230 3196 auctoritatem
1260 3141 1367 3196 suam
1395 3119 1532 3198 addere

208 3254 327 3358 parati
359 3250 510 3354 quidem
539 3251 721 3352 principes
745 3251 896 3332 fuerunt
922 3277 1061 3348 ornnes,
1101 3255 1166 3330 sed
1196 3255 1243 3331 de
1258 3256 1343 3350 tia,
1383 3255 1530 3356 quoad

209 3413 338 3492 pacem
366 3387 633 3489 perveniretur,
652 3411 740 3462 non
772 3387 862 3464 itam
894 3413 1020 3466 omnes
1052 3401 1325 3484 consenserunt,
1358 3389 1532 3491 plurimis

209 3525 299 3600 hacc
324 3549 347 3598 a
377 3509 523 3624 Synodo
556 3521 717 3624 generali
749 3521 985 3600 diiudicanda
1010 3549 1088 3600 esse
1119 3523 1364 3618 censentibus,
1397 3521 1531 3601 laccho

208 3683 296 3737 vcro
328 3657 496 3734 Andreae
534 3657 689 3757 aliisque
719 3656 973 3766 suadentibus,
1012 3669 1054 3738 ut
1085 3659 1351 3738 nonnullorum
1386 3665 1530 3736 tantum

208 3794 464 3894 theologorum
490 3799 687 3870 conventus
720 3792 985 3886 institueretur,
1025 3795 1090 3894 qui
1115 3804 1363 3873 controversas
1397 3795 1529 3874 doctri·

210 3953 279 4005 nac
297 3927 470 4004 articulos
488 3915 746 4020 diiudicarent,
772 3952 816 4004 ac
842 3927 932 4029 quid
945 3953 1042 4006 ,curn
1063 3927 1215 4006 honeri
1241 3932 1418 4008 sententia
1444 3956 1529 4010 con·

210 4065 367 4159 veniret,
394 4062 483 4164 quid
507 4062 645 4154 minus,
672 4071 837 4138 accurata
856 4062 1037 4139 docerent
1070 4061 1122 4138 Aa
1140 4089 1332 4167 suppressa
1357 4067 1397 4141 in
1417 4061 1528 4144 Saxo·

209 4200 272 4274 nia
302 4196 607 4298 Philippistarum
640 4185 853 4274 auctoritato
877 4195 1031 4275 Iacobus
1056 4198 1224 4277 Andreae
1256 4201 1420 4297 tandem,
1457 4227 1528 4305 quo

209 4332 346 4426 voluit,
385 4334 560 4436 pervenit
612 4327 721 4421 Anno
752 4333 865 4434 igitur
900 4328 1131 4410 MDLXXVI
1155 4333 1335 4413 Electoris
1371 4336 1528 4440 Augusti

210 4467 443 4569 aliorumque
473 4467 682 4570 principum
713 4469 885 4569 auspiciis
916 4471 1176 4570 septemdecim
1207 4473 1335 4550 selecti
1365 4473 1528 4576 theologi

209 4599 425 4707 Torgaviam
445 4604 644 4680 convocati
674 4603 875 4680 Formalcm
903 4609 1116 4715 concordiae
1148 4608 1455 4710 conscripserunt,
1488 4611 1529 4687 in

211 4763 284 4844 qua
314 4737 487 4820 athomos
519 4748 769 4820 controversos
797 4740 850 4818 ita
874 4713 1153 4844 pertractarunt,
1184 4753 1227 4822 ut
1251 4769 1337 4824 cum
1368 4746 1409 4824 in
1433 4745 1528 4826 thasi
