3242 5356
632 311 833 430 *jib-—

77 593 126 668 ita
148 590 297 681 direxit,
334 599 376 666 ut
408 591 439 665 is
465 589 721 682 naamam,
754 617 865 692 quem
897 619 920 666 a
950 617 1066 692 puero
1101 603 1286 694 tamquam
1312 619 1390 698 gm-

76 726 144 802 tiae
167 749 258 804 suae
272 727 476 804 'alumnum
509 729 650 800 foverat
675 735 712 802 ot
736 728 841 802 ouius
867 727 1054 802 laudatam
1082 729 1285 806 doctrinam
1318 732 1391 808 sibi

76 884 215 964 quoque
248 862 287 934 in
312 861 434 936 laudis
465 859 548 935 loco
575 883 708 962 ponere
741 861 896 954 solebat,
931 887 1004 936 non
1036 869 1115 938 tum
1148 864 1297 963 quidem
1330 867 1390 944 de·

75 995 251 1086 stitueret‚
278 985 343 1072 sed
362 975 534 1070 mandatb
552 1019 618 1072 suo
646 1005 791 1072 senatus
816 997 1015 1072 academici
1034 998 1243 1074 consultum
1271 1011 1392 1078 ratum

76 1129 221 1224 faceret,
250 1156 322 1230 quo
349 1129 416 1206 ille
442 1132 575 1232 dignus
602 1129 807 1205 declaratus
834 1142 927 1222 erat,
960 1132 1023 1231 qui
1056 1115 1245 1208 inlocum
1271 1133 1298 1208 Ι,
1326 1115 1391 1209 Ca·

75 1266 217 1342 merarii
245 1275 455 1368 surrogatus
481 1265 740 1365 professionem
768 1264 979 1340 Latinarum
1008 1278 1045 1342 et
1064 1233 1284 1368 Graecarum
1309 1270 1390 1346 lite·

74 1424 209 1476 rarum·
228 1399 412 1500 simulque
443 1401 579 1476 ethices
612 1401 851 1476 Aristoteleac
877 1400 1066 1478 obtineret.
1124 1379 1242 1494 Quam
1268 1430 1390 1508 accep

77 1546 147 1612 tarn
188 1529 388 1612 Bersmano
430 1535 590 1636 palmam
632 1536 722 1610 dum
754 1535 953 1610 adversarii
980 1537 1196 1613 invidebant
1222 1539 1392 1616 dentibus
1451 1523 1453 1539 ¹

76 1671 329 1763 infrendentes,
356 1672 464 1745 amici
492 1671 655 1771 undique
682 1669 854 1770 gratulati
881 1681 967 1744 sunt
991 1671 1131 1746 laetitia
1158 1675 1391 1770 exsultantes,

75 1817 112 1880 ut
136 1805 264 1880 videre
298 1815 426 1880 estex
458 1805 814 1906 epistolis,„utrique
841 1816 940 1878 tomo
968 1813 1177 1906 poematum
1203 1804 1392 1886 Bersmani
1460 1875 1471 1901 ,

76 1942 240 2031 annexis,
269 1964 424 2040 quarum
451 1965 562 2014 unam
592 1935 802 2018 Ludovicus
829 1939 939 2016 etiam
961 1935 1204 2034 Camerarius,
1234 1945 1296 2044 qui
1323 1945 1392 2020 illo

78 2085 236 2178 tempore
283 2071 520 2174 Norinbergae
571 2100 704 2174 magna
749 2076 869 2148 famae
916 2074 1126 2151 celebritate
1172 2079 1393 2156 medicinam

76 2221 185 2290 ortem
213 2209 421 2302 exercebat,
454 2210 554 2286 hunc
587 2212 625 2286 in
651 2209 804 2284 modum
836 2210 998 2310 scripsit:
1038 2209 1137 2304 „Iam
1164 2211 1309 2288 dudum
1333 2239 1394 2289 me
1422 2187 1466 2334 ss
1476 2185 1587 2326 51⁵3

76 2345 118 2422 ad
143 2355 179 2423 te
206 2345 392 2446 scripsisse
419 2343 624 2444 oportebat,
652 2344 716 2420 sed
742 2345 867 2421 deerat
892 2346 1034 2422 scilicet
1059 2347 1167 2439 mihi,
1205 2373 1392 2451 argumen-

78 2492 152 2558 tum
178 2491 335 2582 utroque
361 2479 530 2580 dignum:
559 2479 658 2580 quod
685 2504 782 2556 nunc
803 2482 896 2556 mihi
923 2482 1091 2558 oblatum
1118 2507 1210 2577 esse,
1238 2487 1393 2566 etmihi

79 2643 157 2694 vere
191 2616 334 2722 gaudeo
368 2625 405 2692 et
433 2615 502 2691 tibi
536 2616 731 2692 exanimo
758 2618 932 2718 gratulor.
985 2615 1069 2692 Tibi
1097 2619 1195 2694 enim
1222 2620 1394 2726 obtigisse

77 2779 156 2830 eum
180 2754 309 2830 locum
335 2753 374 2828 in
391 2749 589 2828 Academia
615 2761 752 2844 vestra,
780 2777 890 2852 quem
916 2763 999 2853 post
1025 2753 1168 2830 obitum
1187 2758 1300 2854 patris
1320 2762 1394 2836 mei
1464 2747 1468 2756 ’

54 2984 57 2991 ¹
80 2888 253 2968 carissimi
278 2911 423 2988 semper
448 2887 556 2962 tacite
582 2912 728 2963 mecum
752 2886 822 2963 tibi
850 2889 1037 2990 exoptavi,
1065 2915 1137 2965 non
1152 2903 1216 2986 est,
1239 2918 1305 2968 cur
1320 2920 1394 2970 non

79 3027 165 3102 mihi
190 3023 381 3127 gaudeam.
432 3017 484 3097 Te
511 3031 632 3098 autem
666 3047 739 3098 non
772 3023 894 3097 solum
924 3023 1110 3124 teipsum
1136 3026 1201 3102 sed
1227 3029 1393 3106 advorsa·

78 3163 143 3238 rios
166 3182 312 3263 quoque
331 3169 414 3232 tuos
440 3159 588 3251 vicisse,
616 3183 682 3234 cur
708 3182 781 3232 non
808 3168 871 3252 est,
900 3159 999 3257 quod
1025 3183 1098 3234 non
1124 3159 1194 3236 tibi
1207 3164 1395 3263 gratuler?

80 3293 191 3373 Macte
225 3295 366 3386 animo,
397 3295 450 3400 mi
477 3292 684 3368 Bersmane.
737 3291 808 3368 Hic
839 3293 958 3367 honor
987 3293 1056 3369 tibi
1091 3295 1305 3391 debebatur,
1340 3301 1393 3375 in·

81 3433 158 3512 vitis
188 3432 298 3507 etiam
313 3428 501 3522 omnibus,
530 3429 592 3529 qui
618 3430 717 3504 viam
745 3429 792 3504 ad
819 3429 930 3504 illum
957 3428 1025 3503 tibi
1052 3432 1266 3531 turpissime
1293 3458 1393 3536 prae·

82 3570 235 3659 munire,
264 3565 434 3640 nonnisi
461 3563 626 3657 tribulis,
654 3571 691 3638 et
715 3563 879 3639 sentibus
907 3563 1058 3664 (quibus
1085 3566 1155 3666 ipsi
1182 3592 1256 3640 non
1284 3569 1393 3645 modo

80 3702 189 3779 laesas
222 3725 352 3779 manus
359 3757 368 3794 ,
406 3699 471 3776 sed
503 3700 643 3774 animos
675 3699 885 3776 foedissimo
924 3699 1085 3774 invidiae
1127 3701 1279 3776 stimulo
1313 3703 1393 3780 vul-

83 3849 220 3914 neratos
247 3833 511 3936 reportarunt‚)
537 3835 745 3913 volucrunt.
799 3830 1030 3910 Gaudeamus
1058 3834 1177 3929 nobis,
1211 3837 1262 3912 mi
1289 3837 1393 3914 Bers-

82 3999 183 4052 mane
209 3973 429 4075 gaudeamus
455 3965 570 4049 nobis.
624 3966 709 4045 Osi
728 3980 850 4044 tecum
878 3993 1008 4062 essem,
1037 3971 1099 4046 vel
1124 3972 1156 4044 si
1182 3982 1223 4044 tu
1250 3947 1394 4049 mecdm

84 4112 150 4188 iam
183 4135 296 4200 esses3
337 4118 433 4185 certe
463 4130 574 4184 manu
615 4105 770 4188 candida
810 4104 1025 4182 cantharum
1058 4105 1281 4182 dulciferum
1313 4133 1393 4212 pro·

85 4248 204 4346 pinare
233 4244 303 4321 tibi
334 4243 486 4337 vellem,
525 4241 784 4318 amicissimam
822 4241 1020 4317 amicitiam
1052 4240 1208 4336 scilicet,
1247 4251 1290 4318 ut
1328 4243 1395 4321 ille

87 4384 178 4482 apud
205 4377 394 4458 (lominum
422 4379 550 4480 inquit.
602 4371 743 4452 Verum
766 4376 836 4452 hoo
861 4375 1058 4478 aliquando
1084 4376 1237 4471 alicubi,
1270 4380 1394 4481 aliquo

87 4517 189 4594 modo
216 4513 375 4618 denique
400 4515 472 4591 fiet.
514 4511 620 4589 Nunc
646 4511 714 4590 tibi
741 4513 922 4613 gratulor,
952 4485 1063 4604 nuno,
1091 4537 1189 4587 nunc
1211 4514 1308 4590 illud
1329 4527 1393 4609 est,

91 4655 181 4752 quod
208 4653 399 4728 nasutulos
429 4651 622 4751 quosdam,
663 4648 885 4748 turgidulos,
926 4647 1094 4741 ruffulos,
1135 4658 1243 4748 atque
1271 4652 1394 4727 invide

92 4789 226 4864 invidos
253 4788 420 4864 mordere
447 4796 573 4888 potest.
627 4783 788 4885 Ignosce,
818 4809 966 4885 quaeso,
1008 4785 1267 4884 incompositae
1293 4811 1394 4862 meaa

1144 4921 1165 4993 3
1173 4914 1194 4959 1
