<?xml version="1.0" encoding="UTF-8"?>
<!DOCTYPE html PUBLIC "-//W3C//DTD XHTML 1.0 Transitional//EN"
    "http://www.w3.org/TR/xhtml1/DTD/xhtml1-transitional.dtd">
<html xmlns="http://www.w3.org/1999/xhtml" xml:lang="en" lang="en">
 <head>
  <title>
</title>
<meta http-equiv="Content-Type" content="text/html;charset=utf-8" />
  <meta name='ocr-system' content='tesseract 3.04.00' />
  <meta name='ocr-capabilities' content='ocr_page ocr_carea ocr_par ocr_line ocrx_word'/>
</head>
<body>
  <div class='ocr_page' id='page_1' title='image "./degregoriobersm00schugoog_0014.png"; bbox 0 0 3328 5348; ppageno 0'>
   <div class='ocr_carea' id='block_1_1' title="bbox 427 1095 1222 1414">
    <p class='ocr_par' dir='ltr' id='par_1_1' title="bbox 427 1095 1222 1414">
     <span class='ocr_line' id='line_1_1' title="bbox 555 1095 1090 1191; baseline -0.022 0"><span class='ocrx_word' id='word_1_1' title='bbox 555 1099 622 1191; x_wconf 83' lang='lat' dir='ltr'><strong>oa.</strong></span> <span class='ocrx_word' id='word_1_2' title='bbox 635 1099 845 1190; x_wconf 71' lang='lat' dir='ltr'><strong>amoeno</strong></span> <span class='ocrx_word' id='word_1_3' title='bbox 871 1095 1090 1185; x_wconf 71' lang='lat' dir='ltr'><strong>mustene</strong></span> 
     </span>
     <span class='ocr_line' id='line_1_2' title="bbox 427 1297 1222 1414; baseline -0.008 -46"><span class='ocrx_word' id='word_1_4' title='bbox 427 1301 792 1380; x_wconf 72' lang='lat' dir='ltr'><strong>uncanmonrs</strong></span> <span class='ocrx_word' id='word_1_5' title='bbox 825 1297 1222 1414; x_wconf 71' lang='lat' dir='ltr'><strong>sacamentum.</strong></span> 
     </span>
    </p>
   </div>
   <div class='ocr_carea' id='block_1_2' title="bbox 723 1509 929 1524">
    <p class='ocr_par' dir='ltr' id='par_1_2' title="bbox 723 1509 929 1524">
     <span class='ocr_line' id='line_1_3' title="bbox 723 1509 929 1524; baseline -0.005 -2"><span class='ocrx_word' id='word_1_6' title='bbox 723 1509 929 1524; x_wconf 60' lang='lat' dir='ltr'><strong>m</strong></span> 
     </span>
    </p>
   </div>
   <div class='ocr_carea' id='block_1_3' title="bbox 151 1643 1508 1834">
    <p class='ocr_par' dir='ltr' id='par_1_3' title="bbox 151 1643 1508 1834">
     <span class='ocr_line' id='line_1_4' title="bbox 243 1643 1508 1730; baseline 0.002 -21"><span class='ocrx_word' id='word_1_7' title='bbox 243 1643 442 1722; x_wconf 76' lang='lat' dir='ltr'><strong>Auctorem,</strong></span> <span class='ocrx_word' id='word_1_8' title='bbox 470 1649 528 1730; x_wconf 88' lang='lat' dir='ltr'><strong>qui</strong></span> <span class='ocrx_word' id='word_1_9' title='bbox 550 1645 721 1718; x_wconf 76' lang='lat' dir='ltr'><strong>Beremeni</strong></span> <span class='ocrx_word' id='word_1_10' title='bbox 742 1650 840 1712; x_wconf 80' lang='lat' dir='ltr'><strong>ritem</strong></span> <span class='ocrx_word' id='word_1_11' title='bbox 861 1653 1082 1720; x_wconf 86' lang='lat' dir='ltr'><strong>narraverunt,</strong></span> <span class='ocrx_word' id='word_1_12' title='bbox 1108 1643 1249 1710; x_wconf 76' lang='lat' dir='ltr'><strong>breviter</strong></span> <span class='ocrx_word' id='word_1_13' title='bbox 1271 1645 1404 1730; x_wconf 85' lang='lat' dir='ltr'><strong>quidem</strong></span> <span class='ocrx_word' id='word_1_14' title='bbox 1426 1669 1508 1717; x_wconf 54' lang='lat' dir='ltr'><strong>om·q</strong></span> 
     </span>
     <span class='ocr_line' id='line_1_5' title="bbox 151 1745 1492 1834; baseline -0.007 -14"><span class='ocrx_word' id='word_1_15' title='bbox 151 1767 213 1827; x_wconf 64' lang='lat' dir='ltr'><strong>m</strong></span> <span class='ocrx_word' id='word_1_16' title='bbox 228 1745 325 1824; x_wconf 66' lang='lat' dir='ltr'><strong>odeo,</strong></span> <span class='ocrx_word' id='word_1_17' title='bbox 346 1755 385 1824; x_wconf 76' lang='lat' dir='ltr'><strong>at</strong></span> <span class='ocrx_word' id='word_1_18' title='bbox 400 1755 546 1822; x_wconf 80' lang='lat' dir='ltr'><strong>extremo</strong></span> <span class='ocrx_word' id='word_1_19' title='bbox 563 1751 656 1834; x_wconf 83' lang='lat' dir='ltr'><strong>quasi</strong></span> <span class='ocrx_word' id='word_1_20' title='bbox 672 1747 774 1834; x_wconf 81' lang='lat' dir='ltr'>digito</span> <span class='ocrx_word' id='word_1_21' title='bbox 796 1760 956 1813; x_wconf 82' lang='lat' dir='ltr'><strong>summam</strong></span> <span class='ocrx_word' id='word_1_22' title='bbox 971 1750 1155 1832; x_wconf 75' lang='lat' dir='ltr'><strong>tetigerint,</strong></span> <span class='ocrx_word' id='word_1_23' title='bbox 1168 1747 1329 1832; x_wconf 87' lang='lat' dir='ltr'><strong>potissimi</strong></span> <span class='ocrx_word' id='word_1_24' title='bbox 1348 1747 1384 1811; x_wconf 93' lang='lat' dir='ltr'><strong>hi</strong></span> <span class='ocrx_word' id='word_1_25' title='bbox 1399 1757 1492 1814; x_wconf 86' lang='lat' dir='ltr'><strong>sunt:</strong></span> 
     </span>
    </p>
   </div>
   <div class='ocr_carea' id='block_1_4' title="bbox 247 1877 1516 2684">
    <p class='ocr_par' dir='ltr' id='par_1_4' title="bbox 322 1877 1516 2173">
     <span class='ocr_line' id='line_1_6' title="bbox 322 1877 1490 1948; baseline 0.004 -4"><span class='ocrx_word' id='word_1_26' title='bbox 322 1878 522 1946; x_wconf 90' lang='lat' dir='ltr'><strong>Melchior</strong></span> <span class='ocrx_word' id='word_1_27' title='bbox 554 1881 677 1948; x_wconf 85' lang='lat' dir='ltr'><strong>Adam</strong></span> <span class='ocrx_word' id='word_1_28' title='bbox 709 1883 743 1945; x_wconf 92' lang='lat' dir='ltr'><strong>in</strong></span> <span class='ocrx_word' id='word_1_29' title='bbox 770 1880 854 1947; x_wconf 87' lang='lat' dir='ltr'><strong>libro</strong></span> <span class='ocrx_word' id='word_1_30' title='bbox 881 1881 922 1946; x_wconf 88' lang='lat' dir='ltr'><strong>de</strong></span> <span class='ocrx_word' id='word_1_31' title='bbox 950 1879 1037 1946; x_wconf 87' lang='lat' dir='ltr'><strong>Vitis</strong></span> <span class='ocrx_word' id='word_1_32' title='bbox 1067 1877 1307 1948; x_wconf 88' lang='lat' dir='ltr'><strong>Germanorum</strong></span> <span class='ocrx_word' id='word_1_33' title='bbox 1342 1879 1490 1948; x_wconf 88' lang='lat' dir='ltr'><strong>Philoso-</strong></span> 
     </span>
     <span class='ocr_line' id='line_1_7' title="bbox 365 1981 1516 2071; baseline 0.003 -24"><span class='ocrx_word' id='word_1_34' title='bbox 365 1983 507 2069; x_wconf 83' lang='lat' dir='ltr'>phorum</span> <span class='ocrx_word' id='word_1_35' title='bbox 528 2006 561 2070; x_wconf 89' lang='lat' dir='ltr'><strong>p.</strong></span> <span class='ocrx_word' id='word_1_36' title='bbox 587 1985 765 2058; x_wconf 73' lang='lat' dir='ltr'><strong>coe-507,</strong></span> <span class='ocrx_word' id='word_1_37' title='bbox 790 2007 831 2049; x_wconf 85' lang='lat' dir='ltr'><strong>ex</strong></span> <span class='ocrx_word' id='word_1_38' title='bbox 848 1987 993 2049; x_wconf 88' lang='lat' dir='ltr'><strong>oratione</strong></span> <span class='ocrx_word' id='word_1_39' title='bbox 1013 1981 1203 2058; x_wconf 84' lang='lat' dir='ltr'><strong>funebri,a</strong></span> <span class='ocrx_word' id='word_1_40' title='bbox 1234 1981 1284 2047; x_wconf 90' lang='lat' dir='ltr'><strong>M.</strong></span> <span class='ocrx_word' id='word_1_41' title='bbox 1320 1981 1516 2071; x_wconf 88' lang='lat' dir='ltr'><strong>Coppeuio&#39;</strong></span> 
     </span>
     <span class='ocr_line' id='line_1_8' title="bbox 366 2075 1355 2173; baseline 0 -23"><span class='ocrx_word' id='word_1_42' title='bbox 366 2082 558 2152; x_wconf 82' lang='lat' dir='ltr'><strong>Servestano</strong></span> <span class='ocrx_word' id='word_1_43' title='bbox 582 2109 666 2152; x_wconf 90' lang='lat' dir='ltr'><strong>anno</strong></span> <span class='ocrx_word' id='word_1_44' title='bbox 691 2087 773 2150; x_wconf 75' lang='lat'>1612</span> <span class='ocrx_word' id='word_1_45' title='bbox 796 2085 1036 2173; x_wconf 86' lang='lat' dir='ltr'><strong>Heidelbergae</strong></span> <span class='ocrx_word' id='word_1_46' title='bbox 1059 2083 1178 2150; x_wconf 86' lang='lat' dir='ltr'><strong>habita.</strong></span> <span class='ocrx_word' id='word_1_47' title='bbox 1351 2075 1355 2088; x_wconf 60' lang='lat'>¹</span> 
     </span>
    </p>

    <p class='ocr_par' dir='ltr' id='par_1_5' title="bbox 327 2183 1495 2377">
     <span class='ocr_line' id='line_1_9' title="bbox 327 2183 1495 2275; baseline 0.006 -26"><span class='ocrx_word' id='word_1_48' title='bbox 327 2185 356 2251; x_wconf 90' lang='grc' dir='ltr'><strong>Ι.</strong></span> <span class='ocrx_word' id='word_1_49' title='bbox 383 2183 422 2252; x_wconf 86' lang='lat' dir='ltr'><strong>C.</strong></span> <span class='ocrx_word' id='word_1_50' title='bbox 445 2186 673 2254; x_wconf 85' lang='lat' dir='ltr'><strong>Beckmann</strong></span> <span class='ocrx_word' id='word_1_51' title='bbox 699 2191 734 2253; x_wconf 90' lang='lat' dir='ltr'><strong>in</strong></span> <span class='ocrx_word' id='word_1_52' title='bbox 762 2211 861 2274; x_wconf 90' lang='lat' dir='ltr'><strong>opere</strong></span> <span class='ocrx_word' id='word_1_53' title='bbox 890 2211 948 2252; x_wconf 92' lang='lat' dir='ltr'><strong>suo</strong></span> <span class='ocrx_word' id='word_1_54' title='bbox 975 2187 1192 2263; x_wconf 84' lang='lat' dir='ltr'><strong>voluminosa,</strong></span> <span class='ocrx_word' id='word_1_55' title='bbox 1221 2189 1390 2275; x_wconf 74' lang='lat' dir='ltr'><strong>indigestae</strong></span> <span class='ocrx_word' id='word_1_56' title='bbox 1417 2191 1495 2256; x_wconf 91' lang='lat' dir='ltr'><strong>moli</strong></span> 
     </span>
     <span class='ocr_line' id='line_1_10' title="bbox 369 2287 1494 2377; baseline 0.004 -23"><span class='ocrx_word' id='word_1_57' title='bbox 369 2290 604 2377; x_wconf 76' lang='lat' dir='ltr'><strong>comparando:</strong></span> <span class='ocrx_word' id='word_1_58' title='bbox 627 2290 771 2358; x_wconf 84' lang='lat' dir='ltr'><strong>Historia</strong></span> <span class='ocrx_word' id='word_1_59' title='bbox 789 2291 846 2356; x_wconf 91' lang='lat' dir='ltr'><strong>des</strong></span> <span class='ocrx_word' id='word_1_60' title='bbox 863 2287 1052 2355; x_wconf 78' lang='lat' dir='ltr'><strong>Fiirstenth.</strong></span> <span class='ocrx_word' id='word_1_61' title='bbox 1069 2287 1194 2355; x_wconf 84' lang='lat' dir='ltr'><strong>Anhelt</strong></span> <span class='ocrx_word' id='word_1_62' title='bbox 1209 2289 1248 2355; x_wconf 92' lang='lat' dir='ltr'><strong>P.</strong></span> <span class='ocrx_word' id='word_1_63' title='bbox 1268 2289 1350 2357; x_wconf 89' lang='lat' dir='ltr'><strong>VII.</strong></span> <span class='ocrx_word' id='word_1_64' title='bbox 1362 2291 1494 2364; x_wconf 70' lang='lat' dir='ltr'><strong>solata.</strong></span> 
     </span>
    </p>

    <p class='ocr_par' dir='ltr' id='par_1_6' title="bbox 326 2389 1495 2582">
     <span class='ocr_line' id='line_1_11' title="bbox 326 2389 1495 2482; baseline 0.003 -27"><span class='ocrx_word' id='word_1_65' title='bbox 326 2389 527 2458; x_wconf 75' lang='lat' dir='ltr'><strong>Hernicus</strong></span> <span class='ocrx_word' id='word_1_66' title='bbox 555 2393 602 2458; x_wconf 91' lang='lat' dir='ltr'><strong>de</strong></span> <span class='ocrx_word' id='word_1_67' title='bbox 623 2391 778 2458; x_wconf 74' lang='lat' dir='ltr'><strong>Mortes</strong></span> <span class='ocrx_word' id='word_1_68' title='bbox 806 2396 841 2460; x_wconf 91' lang='lat' dir='ltr'><strong>in</strong></span> <span class='ocrx_word' id='word_1_69' title='bbox 861 2393 1024 2460; x_wconf 85' lang='lat' dir='ltr'><strong>volumine</strong></span> <span class='ocrx_word' id='word_1_70' title='bbox 1047 2413 1134 2456; x_wconf 88' lang='lat' dir='ltr'><strong>nono</strong></span> <span class='ocrx_word' id='word_1_71' title='bbox 1157 2391 1436 2480; x_wconf 81' lang='lat' dir='ltr'><strong>Encyclopaediae,</strong></span> <span class='ocrx_word' id='word_1_72' title='bbox 1459 2395 1495 2482; x_wconf 86' lang='lat' dir='ltr'><strong>li·</strong></span> 
     </span>
     <span class='ocr_line' id='line_1_12' title="bbox 368 2491 1495 2582; baseline 0.004 -25"><span class='ocrx_word' id='word_1_73' title='bbox 368 2503 515 2560; x_wconf 86' lang='lat' dir='ltr'><strong>terarum</strong></span> <span class='ocrx_word' id='word_1_74' title='bbox 531 2504 565 2559; x_wconf 90' lang='lat' dir='ltr'><strong>et</strong></span> <span class='ocrx_word' id='word_1_75' title='bbox 583 2497 700 2560; x_wconf 86' lang='lat' dir='ltr'><strong>artium</strong></span> <span class='ocrx_word' id='word_1_76' title='bbox 716 2494 756 2560; x_wconf 92' lang='lat' dir='ltr'><strong>ab</strong></span> <span class='ocrx_word' id='word_1_77' title='bbox 773 2493 915 2559; x_wconf 84' lang='lat' dir='ltr'><strong>Erschio</strong></span> <span class='ocrx_word' id='word_1_78' title='bbox 933 2505 966 2560; x_wconf 89' lang='lat' dir='ltr'><strong>et</strong></span> <span class='ocrx_word' id='word_1_79' title='bbox 979 2491 1132 2560; x_wconf 85' lang='lat' dir='ltr'><strong>Grubero</strong></span> <span class='ocrx_word' id='word_1_80' title='bbox 1150 2493 1255 2571; x_wconf 69' lang='lat' dir='ltr'><strong>editae,</strong></span> <span class='ocrx_word' id='word_1_81' title='bbox 1268 2519 1301 2582; x_wconf 88' lang='lat' dir='ltr'><strong>p.</strong></span> <span class='ocrx_word' id='word_1_82' title='bbox 1314 2497 1495 2562; x_wconf 76' lang='lat'><strong>230—232.</strong></span> 
     </span>
    </p>

    <p class='ocr_par' dir='ltr' id='par_1_7' title="bbox 247 2594 1495 2684">
     <span class='ocr_line' id='line_1_13' title="bbox 247 2594 1495 2684; baseline 0.002 -22"><span class='ocrx_word' id='word_1_83' title='bbox 247 2594 455 2684; x_wconf 73' lang='lat' dir='ltr'><strong>Scriptorum</strong></span> <span class='ocrx_word' id='word_1_84' title='bbox 482 2595 654 2662; x_wconf 86' lang='lat' dir='ltr'><strong>Bersmeni</strong></span> <span class='ocrx_word' id='word_1_85' title='bbox 679 2621 834 2662; x_wconf 86' lang='lat' dir='ltr'><strong>numerus</strong></span> <span class='ocrx_word' id='word_1_86' title='bbox 861 2605 1050 2663; x_wconf 88' lang='lat' dir='ltr'><strong>recensetur</strong></span> <span class='ocrx_word' id='word_1_87' title='bbox 1076 2599 1110 2662; x_wconf 88' lang='lat' dir='ltr'><strong>in</strong></span> <span class='ocrx_word' id='word_1_88' title='bbox 1132 2595 1174 2662; x_wconf 87' lang='lat' dir='ltr'><strong>A.</strong></span> <span class='ocrx_word' id='word_1_89' title='bbox 1200 2595 1242 2664; x_wconf 84' lang='lat' dir='ltr'><strong>G.</strong></span> <span class='ocrx_word' id='word_1_90' title='bbox 1267 2595 1495 2674; x_wconf 88' lang='lat' dir='ltr'><strong>Schmidtii,</strong></span> 
     </span>
    </p>
   </div>
   <div class='ocr_carea' id='block_1_5' title="bbox 161 2697 1600 2776">
    <p class='ocr_par' dir='ltr' id='par_1_8' title="bbox 161 2697 1600 2776">
     <span class='ocr_line' id='line_1_14' title="bbox 161 2697 1600 2776; baseline 0.001 -11"><span class='ocrx_word' id='word_1_91' title='bbox 161 2702 222 2765; x_wconf 85' lang='lat' dir='ltr'><strong>viri</strong></span> <span class='ocrx_word' id='word_1_92' title='bbox 243 2698 412 2765; x_wconf 86' lang='lat' dir='ltr'><strong>literarum</strong></span> <span class='ocrx_word' id='word_1_93' title='bbox 434 2697 677 2774; x_wconf 81' lang='lat' dir='ltr'><strong>studiosissimi,</strong></span> <span class='ocrx_word' id='word_1_94' title='bbox 705 2703 875 2766; x_wconf 86' lang='lat' dir='ltr'><strong>immature</strong></span> <span class='ocrx_word' id='word_1_95' title='bbox 899 2699 1057 2776; x_wconf 80' lang='lat' dir='ltr'><strong>defuncti,</strong></span> <span class='ocrx_word' id='word_1_96' title='bbox 1080 2699 1179 2766; x_wconf 86' lang='lat' dir='ltr'><strong>libro:</strong></span> <span class='ocrx_word' id='word_1_97' title='bbox 1201 2701 1335 2770; x_wconf 84' lang='lat' dir='ltr'><strong>Anhalt.</strong></span> <span class='ocrx_word' id='word_1_98' title='bbox 1359 2701 1495 2768; x_wconf 84' lang='lat' dir='ltr'><strong>Schrift·</strong></span> <span class='ocrx_word' id='word_1_99' title='bbox 1597 2706 1600 2713; x_wconf 86' lang='lat'>&#39;</span> 
     </span>
    </p>
   </div>
   <div class='ocr_carea' id='block_1_6' title="bbox 98 2801 1497 3301">
    <p class='ocr_par' dir='ltr' id='par_1_9' title="bbox 98 2801 1497 3301">
     <span class='ocr_line' id='line_1_15' title="bbox 160 2801 1497 2886; baseline 0.004 -20"><span class='ocrx_word' id='word_1_100' title='bbox 160 2801 391 2870; x_wconf 83' lang='lat' dir='ltr'><strong>stellerlexion.</strong></span> <span class='ocrx_word' id='word_1_101' title='bbox 415 2823 447 2886; x_wconf 89' lang='lat' dir='ltr'><strong>q.</strong></span> <span class='ocrx_word' id='word_1_102' title='bbox 469 2803 522 2866; x_wconf 87' lang='lat'><strong>34.</strong></span> <span class='ocrx_word' id='word_1_103' title='bbox 535 2839 575 2850; x_wconf 89' lang='lat'><em>-</em></span> <span class='ocrx_word' id='word_1_104' title='bbox 589 2802 716 2868; x_wconf 79' lang='lat' dir='ltr'><strong>Auctor</strong></span> <span class='ocrx_word' id='word_1_105' title='bbox 736 2805 800 2868; x_wconf 86' lang='lat' dir='ltr'><strong>iarn</strong></span> <span class='ocrx_word' id='word_1_106' title='bbox 822 2803 957 2868; x_wconf 88' lang='lat' dir='ltr'><strong>huiusce</strong></span> <span class='ocrx_word' id='word_1_107' title='bbox 979 2805 1171 2868; x_wconf 76' lang='lat' dir='ltr'><strong>narrationis</strong></span> <span class='ocrx_word' id='word_1_108' title='bbox 1193 2805 1227 2868; x_wconf 94' lang='lat' dir='ltr'><strong>in</strong></span> <span class='ocrx_word' id='word_1_109' title='bbox 1240 2828 1311 2869; x_wconf 90' lang='lat' dir='ltr'><strong>eam</strong></span> <span class='ocrx_word' id='word_1_110' title='bbox 1322 2828 1392 2870; x_wconf 91' lang='lat' dir='ltr'><strong>rem</strong></span> <span class='ocrx_word' id='word_1_111' title='bbox 1404 2827 1438 2870; x_wconf 89' lang='lat' dir='ltr'><strong>ee</strong></span> <span class='ocrx_word' id='word_1_112' title='bbox 1450 2808 1497 2872; x_wconf 89' lang='lat' dir='ltr'><strong>in·</strong></span> 
     </span>
     <span class='ocr_line' id='line_1_16' title="bbox 109 2903 1495 2994; baseline 0.004 -25"><span class='ocrx_word' id='word_1_113' title='bbox 109 2971 112 2976; x_wconf 50' lang='lat'><strong>.</strong></span> <span class='ocrx_word' id='word_1_114' title='bbox 155 2903 279 2978; x_wconf 77' lang='lat' dir='ltr'><strong>tendit,</strong></span> <span class='ocrx_word' id='word_1_115' title='bbox 311 2913 350 2970; x_wconf 83' lang='lat' dir='ltr'><strong>ut</strong></span> <span class='ocrx_word' id='word_1_116' title='bbox 375 2925 394 2968; x_wconf 85' lang='lat' dir='ltr'><strong>e</strong></span> <span class='ocrx_word' id='word_1_117' title='bbox 422 2905 550 2990; x_wconf 86' lang='lat' dir='ltr'><strong>scriptis</strong></span> <span class='ocrx_word' id='word_1_118' title='bbox 574 2903 746 2972; x_wconf 88' lang='lat' dir='ltr'><strong>Bersmani</strong></span> <span class='ocrx_word' id='word_1_119' title='bbox 774 2903 868 2969; x_wconf 89' lang='lat' dir='ltr'><strong>editis</strong></span> <span class='ocrx_word' id='word_1_120' title='bbox 899 2927 970 2990; x_wconf 87' lang='lat' dir='ltr'><strong>quae</strong></span> <span class='ocrx_word' id='word_1_121' title='bbox 997 2905 1037 2968; x_wconf 90' lang='lat' dir='ltr'><strong>ad</strong></span> <span class='ocrx_word' id='word_1_122' title='bbox 1064 2907 1162 2970; x_wconf 84' lang='lat' dir='ltr'><strong>vitam</strong></span> <span class='ocrx_word' id='word_1_123' title='bbox 1189 2910 1258 2972; x_wconf 89' lang='lat' dir='ltr'><strong>eius</strong></span> <span class='ocrx_word' id='word_1_124' title='bbox 1284 2909 1495 2994; x_wconf 85' lang='lat' dir='ltr'><strong>pertinerent,</strong></span> 
     </span>
     <span class='ocr_line' id='line_1_17' title="bbox 98 3005 1496 3097; baseline 0.007 -31"><span class='ocrx_word' id='word_1_125' title='bbox 98 3061 100 3066; x_wconf 90' lang='lat'><strong>.</strong></span> <span class='ocrx_word' id='word_1_126' title='bbox 161 3007 332 3095; x_wconf 80' lang='lat' dir='ltr'><strong>colligeret</strong></span> <span class='ocrx_word' id='word_1_127' title='bbox 356 3005 472 3092; x_wconf 83' lang='lat' dir='ltr'><strong>hisque</strong></span> <span class='ocrx_word' id='word_1_128' title='bbox 499 3005 563 3071; x_wconf 84' lang='lat' dir='ltr'><strong>alia</strong></span> <span class='ocrx_word' id='word_1_129' title='bbox 583 3007 726 3093; x_wconf 72' lang='lat' dir='ltr'><strong>adderet</strong></span> <span class='ocrx_word' id='word_1_130' title='bbox 750 3006 874 3092; x_wconf 53' lang='lat' dir='ltr'><strong>quibus.</strong></span> <span class='ocrx_word' id='word_1_131' title='bbox 892 3019 926 3072; x_wconf 89' lang='lat' dir='ltr'><strong>et</strong></span> <span class='ocrx_word' id='word_1_132' title='bbox 946 3007 1040 3073; x_wconf 88' lang='lat' dir='ltr'><strong>huius</strong></span> <span class='ocrx_word' id='word_1_133' title='bbox 1062 3009 1123 3073; x_wconf 82' lang='lat' dir='ltr'><strong>viri</strong></span> <span class='ocrx_word' id='word_1_134' title='bbox 1145 3012 1305 3085; x_wconf 84' lang='lat' dir='ltr'><strong>etaetatis,</strong></span> <span class='ocrx_word' id='word_1_135' title='bbox 1330 3034 1394 3097; x_wconf 91' lang='lat' dir='ltr'><strong>qua</strong></span> <span class='ocrx_word' id='word_1_136' title='bbox 1407 3016 1496 3090; x_wconf 85' lang='lat' dir='ltr'><strong>vixit,</strong></span> 
     </span>
     <span class='ocr_line' id='line_1_18' title="bbox 158 3108 1496 3195; baseline 0.004 -17"><span class='ocrx_word' id='word_1_137' title='bbox 158 3113 299 3178; x_wconf 86' lang='lat' dir='ltr'><strong>rationes</strong></span> <span class='ocrx_word' id='word_1_138' title='bbox 322 3108 570 3174; x_wconf 81' lang='lat' dir='ltr'><strong>illustrarentur.</strong></span> <span class='ocrx_word' id='word_1_139' title='bbox 615 3108 657 3174; x_wconf 90' lang='lat' dir='ltr'><strong>Id</strong></span> <span class='ocrx_word' id='word_1_140' title='bbox 681 3110 769 3195; x_wconf 90' lang='lat' dir='ltr'><strong>quod</strong></span> <span class='ocrx_word' id='word_1_141' title='bbox 792 3112 837 3175; x_wconf 89' lang='lat' dir='ltr'><strong>ita</strong></span> <span class='ocrx_word' id='word_1_142' title='bbox 859 3111 992 3195; x_wconf 88' lang='lat' dir='ltr'><strong>quidem</strong></span> <span class='ocrx_word' id='word_1_143' title='bbox 1013 3109 1107 3186; x_wconf 87' lang='lat' dir='ltr'><strong>fecit,</strong></span> <span class='ocrx_word' id='word_1_144' title='bbox 1136 3121 1173 3176; x_wconf 90' lang='lat' dir='ltr'><strong>ut</strong></span> <span class='ocrx_word' id='word_1_145' title='bbox 1199 3123 1316 3178; x_wconf 88' lang='lat' dir='ltr'><strong>cuncta</strong></span> <span class='ocrx_word' id='word_1_146' title='bbox 1337 3115 1387 3180; x_wconf 89' lang='lat' dir='ltr'><strong>his</strong></span> <span class='ocrx_word' id='word_1_147' title='bbox 1410 3137 1496 3183; x_wconf 86' lang='lat' dir='ltr'><strong>com·</strong></span> 
     </span>
     <span class='ocr_line' id='line_1_19' title="bbox 159 3207 576 3301; baseline -0.012 -21"><span class='ocrx_word' id='word_1_148' title='bbox 159 3209 381 3301; x_wconf 79' lang='lat' dir='ltr'><strong>prehenderet</strong></span> <span class='ocrx_word' id='word_1_149' title='bbox 402 3207 576 3298; x_wconf 75' lang='lat' dir='ltr'><strong>capitibuss</strong></span> 
     </span>
    </p>
   </div>
   <div class='ocr_carea' id='block_1_7' title="bbox 207 3312 1592 4876">
    <p class='ocr_par' dir='ltr' id='par_1_10' title="bbox 270 3312 1496 3533">
     <span class='ocr_line' id='line_1_20' title="bbox 270 3312 1496 3438; baseline 0.01 -32"><span class='ocrx_word' id='word_1_150' title='bbox 270 3343 298 3409; x_wconf 90' lang='lat'><strong>1.</strong></span> <span class='ocrx_word' id='word_1_151' title='bbox 353 3339 455 3408; x_wconf 86' lang='lat' dir='ltr'><strong>Ortus</strong></span> <span class='ocrx_word' id='word_1_152' title='bbox 489 3312 658 3412; x_wconf 79' lang='lat' dir='ltr'><strong>Bersmlani</strong></span> <span class='ocrx_word' id='word_1_153' title='bbox 690 3347 897 3438; x_wconf 85' lang='lat' dir='ltr'><strong>Annabergae</strong></span> <span class='ocrx_word' id='word_1_154' title='bbox 932 3349 1024 3414; x_wconf 84' lang='grc'><strong>1538.</strong></span> <span class='ocrx_word' id='word_1_155' title='bbox 1069 3347 1233 3416; x_wconf 87' lang='lat' dir='ltr'><strong>Parentes</strong></span> <span class='ocrx_word' id='word_1_156' title='bbox 1254 3360 1288 3416; x_wconf 89' lang='lat' dir='ltr'><strong>et</strong></span> <span class='ocrx_word' id='word_1_157' title='bbox 1314 3360 1496 3425; x_wconf 73' lang='lat' dir='ltr'><strong>matertera.</strong></span> 
     </span>
     <span class='ocr_line' id='line_1_21' title="bbox 349 3443 767 3533; baseline 0.017 -24"><span class='ocrx_word' id='word_1_158' title='bbox 349 3443 461 3510; x_wconf 78' lang='lat' dir='ltr'><strong>Prinne</strong></span> <span class='ocrx_word' id='word_1_159' title='bbox 481 3450 576 3533; x_wconf 89' lang='lat' dir='ltr'><strong>pueri</strong></span> <span class='ocrx_word' id='word_1_160' title='bbox 598 3451 767 3516; x_wconf 90' lang='lat' dir='ltr'><strong>institutio.</strong></span> 
     </span>
    </p>

    <p class='ocr_par' dir='ltr' id='par_1_11' title="bbox 253 3545 1497 3846">
     <span class='ocr_line' id='line_1_22' title="bbox 253 3545 1497 3644; baseline 0.01 -33"><span class='ocrx_word' id='word_1_161' title='bbox 253 3547 303 3612; x_wconf 91' lang='grc' dir='ltr'><strong>ΙΙ.</strong></span> <span class='ocrx_word' id='word_1_162' title='bbox 348 3545 474 3614; x_wconf 89' lang='lat' dir='ltr'><strong>Bersm.</strong></span> <span class='ocrx_word' id='word_1_163' title='bbox 508 3552 590 3616; x_wconf 83' lang='lat'>1549</span> <span class='ocrx_word' id='word_1_164' title='bbox 613 3551 777 3618; x_wconf 84' lang='lat' dir='ltr'><strong>Misenum</strong></span> <span class='ocrx_word' id='word_1_165' title='bbox 807 3555 921 3618; x_wconf 90' lang='lat' dir='ltr'><strong>missus</strong></span> <span class='ocrx_word' id='word_1_166' title='bbox 951 3555 1053 3620; x_wconf 89' lang='lat' dir='ltr'><strong>literis</strong></span> <span class='ocrx_word' id='word_1_167' title='bbox 1083 3553 1129 3618; x_wconf 92' lang='lat' dir='ltr'><strong>ibi</strong></span> <span class='ocrx_word' id='word_1_168' title='bbox 1159 3556 1411 3644; x_wconf 78' lang='lat' dir='ltr'><strong>elegantioribus</strong></span> <span class='ocrx_word' id='word_1_169' title='bbox 1439 3561 1497 3624; x_wconf 89' lang='lat' dir='ltr'><strong>im·</strong></span> 
     </span>
     <span class='ocr_line' id='line_1_23' title="bbox 347 3648 1497 3748; baseline 0.01 -34"><span class='ocrx_word' id='word_1_170' title='bbox 347 3648 468 3716; x_wconf 90' lang='lat' dir='ltr'><strong>buitur.</strong></span> <span class='ocrx_word' id='word_1_171' title='bbox 512 3651 701 3742; x_wconf 87' lang='lat' dir='ltr'><strong>Propeusus</strong></span> <span class='ocrx_word' id='word_1_172' title='bbox 724 3653 874 3720; x_wconf 85' lang='lat' dir='ltr'><strong>Rectoris</strong></span> <span class='ocrx_word' id='word_1_173' title='bbox 888 3654 1040 3732; x_wconf 50' lang='lat' dir='ltr'><strong>¹Fabricii</strong></span> <span class='ocrx_word' id='word_1_174' title='bbox 1070 3658 1104 3729; x_wconf 87' lang='lat' dir='ltr'><strong>in</strong></span> <span class='ocrx_word' id='word_1_175' title='bbox 1135 3680 1212 3732; x_wconf 87' lang='lat' dir='ltr'><strong>eum</strong></span> <span class='ocrx_word' id='word_1_176' title='bbox 1238 3660 1373 3748; x_wconf 80' lang='lat' dir='ltr'><strong>animus.</strong></span> <span class='ocrx_word' id='word_1_177' title='bbox 1419 3659 1497 3726; x_wconf 92' lang='lat' dir='ltr'><strong>Phi·</strong></span> 
     </span>
     <span class='ocr_line' id='line_1_24' title="bbox 345 3751 1283 3846; baseline 0.011 -30"><span class='ocrx_word' id='word_1_178' title='bbox 345 3752 456 3844; x_wconf 85' lang='lat' dir='ltr'><strong>lippus</strong></span> <span class='ocrx_word' id='word_1_179' title='bbox 480 3751 686 3822; x_wconf 80' lang='lat' dir='ltr'><strong>Camerarius</strong></span> <span class='ocrx_word' id='word_1_180' title='bbox 710 3767 743 3821; x_wconf 92' lang='lat' dir='ltr'><strong>et</strong></span> <span class='ocrx_word' id='word_1_181' title='bbox 766 3754 879 3824; x_wconf 84' lang='lat' dir='ltr'><strong>Simon</strong></span> <span class='ocrx_word' id='word_1_182' title='bbox 903 3756 1034 3824; x_wconf 88' lang='lat' dir='ltr'><strong>Stenius</strong></span> <span class='ocrx_word' id='word_1_183' title='bbox 1058 3759 1283 3846; x_wconf 84' lang='lat' dir='ltr'><strong>condiscipuli.</strong></span> 
     </span>
    </p>

    <p class='ocr_par' dir='ltr' id='par_1_12' title="bbox 235 3851 1497 4049">
     <span class='ocr_line' id='line_1_25' title="bbox 235 3851 1497 3946; baseline 0.003 -19"><span class='ocrx_word' id='word_1_184' title='bbox 235 3857 304 3927; x_wconf 91' lang='lat'><strong>111.</strong></span> <span class='ocrx_word' id='word_1_185' title='bbox 349 3861 466 3930; x_wconf 86' lang='lat' dir='ltr'><strong>Studia</strong></span> <span class='ocrx_word' id='word_1_186' title='bbox 495 3857 615 3946; x_wconf 87' lang='lat' dir='ltr'><strong>Lipsiae</strong></span> <span class='ocrx_word' id='word_1_187' title='bbox 652 3859 854 3931; x_wconf 58' lang='lat' dir='ltr'><strong>academica*</strong></span> <span class='ocrx_word' id='word_1_188' title='bbox 874 3861 965 3927; x_wconf 83' lang='grc'><strong>1555.</strong></span> <span class='ocrx_word' id='word_1_189' title='bbox 1010 3859 1123 3936; x_wconf 83' lang='lat' dir='ltr'><strong>Ioach.</strong></span> <span class='ocrx_word' id='word_1_190' title='bbox 1148 3851 1370 3941; x_wconf 74' lang='lat' dir='ltr'><strong>Camerarius,</strong></span> <span class='ocrx_word' id='word_1_191' title='bbox 1402 3864 1497 3933; x_wconf 90' lang='lat' dir='ltr'><strong>Bers-</strong></span> 
     </span>
     <span class='ocr_line' id='line_1_26' title="bbox 351 3962 818 4049; baseline -0.013 -17"><span class='ocrx_word' id='word_1_192' title='bbox 351 3966 441 4032; x_wconf 90' lang='lat' dir='ltr'><strong>mani</strong></span> <span class='ocrx_word' id='word_1_193' title='bbox 460 3962 570 4028; x_wconf 85' lang='lat' dir='ltr'><strong>fautor</strong></span> <span class='ocrx_word' id='word_1_194' title='bbox 592 3983 629 4026; x_wconf 88' lang='lat' dir='ltr'><strong>ac</strong></span> <span class='ocrx_word' id='word_1_195' title='bbox 651 3972 818 4049; x_wconf 86' lang='lat' dir='ltr'><strong>patronus.</strong></span> 
     </span>
    </p>

    <p class='ocr_par' dir='ltr' id='par_1_13' title="bbox 245 4062 1592 4236">
     <span class='ocr_line' id='line_1_27' title="bbox 245 4062 1592 4162; baseline 0.004 -32"><span class='ocrx_word' id='word_1_196' title='bbox 245 4065 308 4134; x_wconf 88' lang='lat' dir='ltr'><strong>IV.</strong></span> <span class='ocrx_word' id='word_1_197' title='bbox 354 4065 546 4135; x_wconf 86' lang='lat' dir='ltr'><strong>Studiorum</strong></span> <span class='ocrx_word' id='word_1_198' title='bbox 581 4063 760 4154; x_wconf 84' lang='lat' dir='ltr'><strong>profectus.</strong></span> <span class='ocrx_word' id='word_1_199' title='bbox 803 4065 899 4132; x_wconf 89' lang='lat' dir='ltr'><strong>Bona</strong></span> <span class='ocrx_word' id='word_1_200' title='bbox 924 4062 1095 4146; x_wconf 77' lang='lat' dir='ltr'><strong>B&#39;ersmani,</strong></span> <span class='ocrx_word' id='word_1_201' title='bbox 1132 4072 1356 4162; x_wconf 59' lang='lat' dir='ltr'><strong>existimatio,</strong></span> <span class='ocrx_word' id='word_1_202' title='bbox 1374 4075 1499 4162; x_wconf 59' lang='lat' dir='ltr'><strong>vitemq-</strong></span> <span class='ocrx_word' id='word_1_203' title='bbox 1590 4158 1592 4162; x_wconf 23' lang='grc' dir='ltr'>Ι</span> 
     </span>
     <span class='ocr_line' id='line_1_28' title="bbox 350 4167 1000 4236; baseline -0.003 0"><span class='ocrx_word' id='word_1_204' title='bbox 350 4173 415 4236; x_wconf 84' lang='lat' dir='ltr'><strong>rati</strong></span> <span class='ocrx_word' id='word_1_205' title='bbox 435 4179 545 4235; x_wconf 88' lang='lat' dir='ltr'><strong>tamen</strong></span> <span class='ocrx_word' id='word_1_206' title='bbox 569 4167 610 4234; x_wconf 92' lang='lat' dir='ltr'><strong>ob</strong></span> <span class='ocrx_word' id='word_1_207' title='bbox 634 4173 732 4234; x_wconf 89' lang='lat' dir='ltr'><strong>animi</strong></span> <span class='ocrx_word' id='word_1_208' title='bbox 754 4169 1000 4236; x_wconf 86' lang='lat' dir='ltr'><strong>vehementiam.</strong></span> 
     </span>
    </p>

    <p class='ocr_par' dir='ltr' id='par_1_14' title="bbox 269 4261 1502 4472">
     <span class='ocr_line' id='line_1_29' title="bbox 269 4261 1498 4360; baseline 0.004 -22"><span class='ocrx_word' id='word_1_209' title='bbox 269 4269 311 4338; x_wconf 86' lang='lat' dir='ltr'><strong>V.</strong></span> <span class='ocrx_word' id='word_1_210' title='bbox 356 4271 483 4342; x_wconf 88' lang='lat' dir='ltr'><strong>Bersm.</strong></span> <span class='ocrx_word' id='word_1_211' title='bbox 514 4270 669 4338; x_wconf 88' lang='lat' dir='ltr'><strong>absolutis</strong></span> <span class='ocrx_word' id='word_1_212' title='bbox 699 4272 812 4340; x_wconf 89' lang='lat' dir='ltr'><strong>studiis</strong></span> <span class='ocrx_word' id='word_1_213' title='bbox 843 4273 1034 4340; x_wconf 79' lang='lat' dir='ltr'><strong>academicis</strong></span> <span class='ocrx_word' id='word_1_214' title='bbox 1056 4271 1240 4360; x_wconf 83' lang='lat' dir='ltr'><strong>Magisterii</strong></span> <span class='ocrx_word' id='word_1_215' title='bbox 1262 4261 1384 4341; x_wconf 87' lang='lat' dir='ltr'><strong>honore</strong></span> <span class='ocrx_word' id='word_1_216' title='bbox 1407 4299 1498 4343; x_wconf 82' lang='lat' dir='ltr'><strong>orna·</strong></span> 
     </span>
     <span class='ocr_line' id='line_1_30' title="bbox 353 4373 1502 4472; baseline 0.003 -31"><span class='ocrx_word' id='word_1_217' title='bbox 353 4387 418 4442; x_wconf 89' lang='lat' dir='ltr'><strong>tur.</strong></span> <span class='ocrx_word' id='word_1_218' title='bbox 461 4374 517 4441; x_wconf 88' lang='lat' dir='ltr'><strong>Ad</strong></span> <span class='ocrx_word' id='word_1_219' title='bbox 538 4378 837 4472; x_wconf 84' lang='lat' dir='ltr'><strong>peregrinationem</strong></span> <span class='ocrx_word' id='word_1_220' title='bbox 859 4377 1023 4444; x_wconf 89' lang='lat' dir='ltr'><strong>accinctus</strong></span> <span class='ocrx_word' id='word_1_221' title='bbox 1046 4373 1159 4464; x_wconf 82' lang='lat' dir='ltr'><strong>Lipsia</strong></span> <span class='ocrx_word' id='word_1_222' title='bbox 1181 4375 1318 4457; x_wconf 79' lang='lat' dir='ltr'><strong>discedit</strong></span> <span class='ocrx_word' id='word_1_223' title='bbox 1342 4379 1434 4468; x_wconf 62' lang='lat' dir='ltr'><strong>litii.</strong></span> <span class='ocrx_word' id='word_1_224' title='bbox 1498 4459 1502 4466; x_wconf 19' lang='grc' dir='ltr'>ι</span> 
     </span>
    </p>

    <p class='ocr_par' dir='ltr' id='par_1_15' title="bbox 249 4475 944 4566">
     <span class='ocr_line' id='line_1_31' title="bbox 249 4475 944 4566; baseline -0.001 -22"><span class='ocrx_word' id='word_1_225' title='bbox 249 4475 311 4544; x_wconf 90' lang='lat' dir='ltr'><strong>VI.</strong></span> <span class='ocrx_word' id='word_1_226' title='bbox 356 4477 482 4546; x_wconf 87' lang='lat' dir='ltr'><strong>Itinere</strong></span> <span class='ocrx_word' id='word_1_227' title='bbox 503 4501 565 4566; x_wconf 91' lang='lat' dir='ltr'><strong>per</strong></span> <span class='ocrx_word' id='word_1_228' title='bbox 588 4475 728 4544; x_wconf 86' lang='lat' dir='ltr'><strong>Galliam</strong></span> <span class='ocrx_word' id='word_1_229' title='bbox 750 4488 784 4544; x_wconf 86' lang='lat' dir='ltr'><strong>et</strong></span> <span class='ocrx_word' id='word_1_230' title='bbox 804 4477 944 4544; x_wconf 89' lang='lat' dir='ltr'><strong>Italiam.</strong></span> 
     </span>
    </p>

    <p class='ocr_par' dir='ltr' id='par_1_16' title="bbox 234 4577 1064 4656">
     <span class='ocr_line' id='line_1_32' title="bbox 234 4577 1064 4656; baseline -0.001 -10"><span class='ocrx_word' id='word_1_231' title='bbox 234 4577 315 4646; x_wconf 86' lang='lat' dir='ltr'><strong>VII.</strong></span> <span class='ocrx_word' id='word_1_232' title='bbox 361 4578 477 4649; x_wconf 87' lang='lat' dir='ltr'><strong>Studia</strong></span> <span class='ocrx_word' id='word_1_233' title='bbox 498 4581 638 4656; x_wconf 87' lang='lat' dir='ltr'><strong>Patavii,</strong></span> <span class='ocrx_word' id='word_1_234' title='bbox 662 4579 820 4648; x_wconf 72' lang='lat' dir='ltr'><strong>Ferraria</strong></span> <span class='ocrx_word' id='word_1_235' title='bbox 842 4591 875 4648; x_wconf 92' lang='lat' dir='ltr'><strong>et</strong></span> <span class='ocrx_word' id='word_1_236' title='bbox 897 4580 1064 4649; x_wconf 89' lang='lat' dir='ltr'><strong>Bononiae.</strong></span> 
     </span>
    </p>

    <p class='ocr_par' dir='ltr' id='par_1_17' title="bbox 207 4679 1499 4876">
     <span class='ocr_line' id='line_1_33' title="bbox 207 4679 1499 4778; baseline 0.003 -28"><span class='ocrx_word' id='word_1_237' title='bbox 207 4679 311 4750; x_wconf 83' lang='lat' dir='ltr'><strong>VIII.</strong></span> <span class='ocrx_word' id='word_1_238' title='bbox 355 4683 553 4752; x_wconf 86' lang='lat' dir='ltr'><strong>Bersmanus</strong></span> <span class='ocrx_word' id='word_1_239' title='bbox 575 4683 714 4750; x_wconf 87' lang='lat' dir='ltr'><strong>Romam</strong></span> <span class='ocrx_word' id='word_1_240' title='bbox 740 4685 840 4774; x_wconf 88' lang='lat' dir='ltr'><strong>petit,</strong></span> <span class='ocrx_word' id='word_1_241' title='bbox 871 4705 969 4769; x_wconf 84' lang='lat' dir='ltr'><strong>quam</strong></span> <span class='ocrx_word' id='word_1_242' title='bbox 994 4694 1035 4752; x_wconf 86' lang='lat' dir='ltr'><strong>ut</strong></span> <span class='ocrx_word' id='word_1_243' title='bbox 1056 4687 1165 4759; x_wconf 87' lang='lat' dir='ltr'><strong>intret,</strong></span> <span class='ocrx_word' id='word_1_244' title='bbox 1188 4687 1219 4750; x_wconf 86' lang='lat' dir='ltr'><strong>ei</strong></span> <span class='ocrx_word' id='word_1_245' title='bbox 1241 4707 1307 4751; x_wconf 91' lang='lat' dir='ltr'><strong>non</strong></span> <span class='ocrx_word' id='word_1_246' title='bbox 1330 4691 1499 4778; x_wconf 85' lang='lat' dir='ltr'><strong>contingit.</strong></span> 
     </span>
     <span class='ocr_line' id='line_1_34' title="bbox 356 4785 760 4876; baseline -0.002 -23"><span class='ocrx_word' id='word_1_247' title='bbox 356 4785 399 4853; x_wconf 90' lang='lat' dir='ltr'><strong>In</strong></span> <span class='ocrx_word' id='word_1_248' title='bbox 419 4789 559 4876; x_wconf 83' lang='lat' dir='ltr'><strong>patriam</strong></span> <span class='ocrx_word' id='word_1_249' title='bbox 579 4789 760 4860; x_wconf 77' lang='lat' dir='ltr'><strong>revertitur.</strong></span> 
     </span>
    </p>
   </div>
   <div class='ocr_carea' id='block_1_8' title="bbox 0 0 1669 5348">
    <p class='ocr_par' dir='ltr' id='par_1_18' title="bbox 0 0 1669 5348">
     <span class='ocr_line' id='line_1_35' title="bbox 0 0 1669 5348; baseline 0 0"><span class='ocrx_word' id='word_1_250' title='bbox 0 0 1669 5348; x_wconf 95' lang='lat' dir='ltr'><strong> </strong></span> 
     </span>
    </p>
   </div>
  </div>
 </body>
</html>
