3328 5348
772 349 792 422 5

681 449 887 467 Μ

124 627 303 736 cerrimus
328 628 557 729 ingeniorum
582 652 709 705 censor
737 621 836 704 hunc
868 631 908 704 in
935 630 1012 705 dies
1043 630 1158 729 magis
1190 653 1231 703 ac
1255 626 1370 727 magis
1397 624 1435 698 in

124 765 279 866 gratiam
317 787 422 837 suam
459 765 635 862 reciperet
673 788 829 864 eumque
875 766 1043 866 diligeret
1081 773 1124 838 ut
1160 772 1263 863 pater
1293 755 1435 836 filium?

125 897 245 989 Quam
272 898 421 996 quidem
445 898 738 973 benevolentiam
770 899 957 976 Fabricius
990 925 1074 974 curn
1105 898 1233 973 multis
1264 898 1347 972 aliis
1376 895 1436 970 be·

126 1034 268 1108 neficiis
294 1041 374 1106 tum
407 1058 449 1107 eo
482 1034 713 1132 potissimum
740 1035 951 1128 declaravit,
986 1034 1084 1134 quod
1109 1032 1350 1108 Bersmanum
1373 1031 1437 1104 ho·

126 1167 332 1241 nestissimo
362 1177 397 1241 et
423 1169 581 1268 optimae
600 1170 677 1269 spei
697 1171 836 1263 iuveni,
864 1172 1060 1266 Philippum
1092 1169 1331 1241 Comarortum
1347 1165 1438 1254 dieo,

127 1304 191 1402 qui
219 1311 353 1400 epatre
374 1303 421 1376 de
439 1329 569 1396 manu,
597 1305 695 1403 quod
709 1306 826 1396 aiunt,
854 1305 893 1378 in
912 1330 1063 1378 manum
1083 1303 1155 1378 sibi
1174 1302 1332 1375 traditus
1353 1307 1439 1389 erat,

128 1437 334 1511 studiorum
361 1445 397 1510 et
423 1438 650 1514 contubernii
665 1441 805 1514 socium
826 1439 1001 1514 adiunxit.
1054 1436 1139 1512 Fuit
1159 1438 1190 1510 is
1211 1432 1440 1512 celeberrimi

127 1582 210 1646 tum
236 1569 453 1646 Professoris
484 1551 683 1672 Lipsiensis
711 1576 883 1647 Iooclu'ma'
913 1575 1111 1648 Comerorai'
1140 1573 1258 1663 filius,
1293 1569 1442 1668 quicum

128 1705 327 1781 Bersmano
355 1715 390 1780 et
416 1706 554 1782 discere
579 1731 653 1781 una
680 1717 717 1782 et
739 1708 905 1783 habitare
933 1709 1091 1808 contigit.
1145 1704 1225 1797 Quo
1251 1707 1290 1778 in
1317 1711 1439 1777 contu-

128 1843 257 1917 bernio
277 1843 426 1915 iuvenes
444 1865 509 1940 pro
532 1867 589 1933 ea,
617 1867 689 1940 qua
707 1852 860 1942 uterque
878 1853 955 1918 erat
972 1842 1181 1934 sedulitate,
1209 1866 1294 1916 cunr
1312 1839 1443 1913 diurna

132 2000 243 2077 opera
255 1974 508 2048 antelucanam
523 1976 739 2076 coniungere
758 1978 925 2053 solebant
937 1978 1245 2067 exercitationem,
1271 1982 1314 2048 ut
1327 1997 1443 2070 neque

131 2112 210 2186 dies
243 2110 332 2209 ipsis
364 2111 443 2184 sine
475 2110 589 2202 linea,
622 2112 687 2186 sed
720 2136 766 2187 ne
804 2121 949 2212 tempus
981 2113 1144 2213 quidem,
1185 2111 1283 2212 quod
1315 2117 1444 2181 natura

133 2245 248 2345 quieti
261 2245 451 2336 concessit,
479 2246 557 2321 sine
576 2246 703 2321 labore
716 2272 864 2348 prorsus
883 2243 1143 2348 praeteriret*).
1184 2244 1310 2344 Neque
1322 2254 1444 2318 tamen

131 2381 174 2454 hi
200 2379 336 2478 gemini
364 2366 643 2456 contubernales
668 2384 775 2457 unice
807 2407 931 2457 seeum
962 2383 1135 2459 vivebant
1166 2382 1244 2455 sine
1269 2379 1445 2454 suavitate

132 2513 386 2605 sodalitatem,
420 2514 486 2588 sed
518 2524 554 2589 et
586 2517 671 2591 aliis
702 2517 849 2592 scholae
882 2519 1042 2593 alumnis
1067 2517 1264 2592 utebantur
1289 2512 1444 2586 familia·

133 2650 239 2741 riter,
267 2648 372 2721 nullo
398 2649 529 2748 magis,
564 2675 674 2752 quam
705 2653 847 2726 Simone
873 2655 1012 2744 Stante,
1049 2678 1159 2752 quem
1184 2649 1317 2724 deinde
1342 2646 1445 2762 Bers-

130 2807 262 2858 manus
296 2782 501 2856 studiorum
535 2809 678 2884 quoque
711 2787 850 2862 socium
882 2797 1008 2862 nactus
1041 2797 1095 2863 est
1127 2789 1165 2862 in
1200 2783 1378 2890 Lipsiensi
1412 2788 1449 2862 et

131 2916 386 3016 Vitebergensi
413 2916 620 2994 Academia.
1056 2909 1058 2916 ¹

235 3049 278 3124 In
317 3050 385 3124 illc
418 3053 530 3152 igitur
563 3055 678 3155 spatio
713 3079 797 3131 cum
829 3058 1047 3134 decurrisset
1078 3057 1298 3134 Bersmanus
1337 3082 1450 3134 annos
1505 3133 1510 3145 ,

130 3194 228 3260 totos
253 3209 333 3276 sex,
367 3187 465 3286 quod
492 3198 569 3264 erat
593 3198 738 3290 tempus
769 3193 950 3268 curriculo
977 3195 1039 3269 illi
1067 3196 1343 3295 praescriptum,
1376 3193 1451 3267 iam

133 3323 173 3396 in
208 3317 443 3395 Academiam
476 3322 644 3400 abiturus
675 3324 816 3404 Misera
845 3353 938 3402 anno
963 3327 1108 3403 MDLV
1143 3330 1310 3421 decessit,
1349 3338 1451 3428 grata

132 3463 256 3529 mente
290 3478 467 3553 reponens
505 3457 756 3536 dulcissimam
791 3461 972 3538 bonorum
1005 3463 1057 3537 ibi
1091 3475 1344 3564 perceptorum
1376 3489 1449 3538 me·

133 3589 308 3679 moriam,
342 3589 448 3662 nulla
480 3616 643 3692 unquam
676 3595 862 3673 oblivione
895 3599 1098 3674 delendam.
1152 3597 1259 3689 Quod
1292 3599 1450 3698 quidem,

134 3732 179 3797 ut
217 3722 292 3795 alia
323 3725 489 3800 omittam
521 3729 741 3824 testimonia,
782 3733 1015 3831 postmodum
1047 3735 1206 3809 carmine
1238 3733 1451 3808 testificatus

135 3868 203 3950 est,
232 3883 303 3957 quo
328 3869 484 3937 mortem
511 3857 656 3964 Georgii
681 3861 839 3941 Fabricii
858 3868 962 3968 luget
982 3867 1041 3943 his
1061 3877 1097 3945 et
1116 3869 1200 3948 aliis
1218 3869 1329 3951 huius
1349 3867 1450 3950 nodi

133 3993 319 4072 versibus:
429 4059 431 4064 .

304 4193 335 4261 Ο
358 4198 478 4264 meritis
500 4199 579 4264 mihi
601 4221 676 4266 cara
695 4203 759 4267 tuis
781 4203 892 4270 schola
912 4206 1073 4274 Misnidos
1095 4211 1203 4287 urbis,

346 4312 377 4379 Ο
401 4315 480 4381 mihi
500 4326 575 4402 post
595 4321 716 4405 patrios
737 4323 885 4407 proxima
907 4345 984 4388 cura
1005 4327 1103 4401 lares,

303 4431 459 4517 Nunquid
481 4434 598 4500 damna
618 4445 693 4501 tuae
715 4441 813 4502 sentis
835 4442 991 4508 immensa
1011 4447 1124 4511 minae

347 4548 439 4630 Quae
461 4549 556 4628 facis,
578 4552 642 4620 heu
663 4561 753 4618 tanto
775 4564 850 4641 post
872 4560 1009 4626 caritura
1029 4563 1113 4638 viro,

206 4827 237 4890 ¹¹)
254 4839 280 4878 v.
299 4828 447 4893 epistolum,
464 4828 545 4890 puori
561 4829 709 4892 poturorum
725 4833 792 4895 porti
808 4835 986 4898 praemissum,

1513 3913 1525 3943 l

1469 4146 1476 4165 d

1386 4181 1403 4235 ,ἶ
1436 4195 1447 4226 *⁴
1548 4185 1648 4243 (2⁸3⁸

1365 4236 1384 4298 r:
1407 4293 1416 4304 ,
1449 4264 1462 4297 ,,·“
1483 4197 1648 4358 llius-f
