3242 5356
854 317 904 393 to

217 619 328 698 qaam
366 618 414 672 ex
452 593 570 672 reteri
600 593 884 698 manuscripto,
907 599 1011 674 entus
1043 594 1116 698 ipsi
1155 591 1298 698 copiam
1330 593 1540 674 Ludovicns

217 727 447 809 &amerosius
471 731 621 825 lecerat,
647 731 844 832 diligenter
868 733 907 807 in
931 731 1027 807 hanc
1052 731 1252 808 editionem
1277 727 1461 829 retrlit')

311 865 499 944 ¹Absoluta
523 866 593 942 hac
606 863 758 967 Virgilii
784 867 958 962 editione,
986 867 1086 958 aliis,
1113 891 1206 966 quae
1231 877 1312 944 tum
1339 865 1542 960 muham,

213 1003 334 1080 multo
360 1002 613 1104 praeferenda,
644 999 864 1078 Bersmanus
891 1002 1018 1078 eodem
1045 1027 1140 1076 anno
1167 1001 1214 1077 ad
1245 1003 1365 1079 Ovidii
1384 1002 1543 1077 Noaoas'r

214 1161 324 1240 opera
347 1158 389 1214 se
414 1137 606 1238 applicuit,
633 1138 673 1212 in
699 1135 849 1236 quibus,
875 1139 908 1212 si
934 1161 1008 1213 non
1033 1146 1176 1212 tantum
1196 1137 1444 1231 diffindam
1472 1135 1543 1212 non

213 1277 336 1352 minus
374 1284 512 1366 tamen,
555 1295 665 1371 quarn
704 1273 743 1345 in
780 1269 940 1373 Virgilio
978 1273 1196 1348 mendarum
1235 1273 1394 1348 inveniri
1433 1272 1544 1350 vidit.

213 1405 341 1509 Neque
366 1405 414 1483 ab
439 1409 509 1483 hoc
536 1407 704 1482 instituto
731 1430 815 1484 eum
842 1407 1099 1484 deterruerunt
1124 1407 1357 1508 quorundam
1383 1407 1432 1483 de
1454 1403 1542 1484 Ovi·

213 1545 274 1620 dlo
307 1543 453 1619 iudicia
489 1568 563 1618 nou
594 1541 797 1618 admodum
828 1543 1046 1618 honorifica:
1085 1567 1168 1617 cum
1207 1542 1373 1618 eiusdem
1413 1547 1543 1642 posue

213 1680 374 1754 carmina
405 1678 490 1752 aliis
528 1678 620 1753 viris
634 1676 638 1686 '
652 1677 973 1776 praestantissimis
1012 1678 1179 1777 apprime
1217 1677 1382 1752 arrisisse
1420 1678 1541 1769 sciret,

213 1835 370 1913 quorum
398 1837 418 1887 c
440 1809 839 1887 nnmeroloachimum
858 1809 1109 1888 camararium
1129 1813 1277 1912 allegat,
1303 1811 1435 1891 laudes
1455 1809 1541 1888 o‘vi·

213 1949 266 2025 dii
292 1949 344 2024 ita
369 1947 658 2048 praedicantem:
684 1945 879 2041 „Primum
906 1948 1042 2048 ingenii
1068 1956 1169 2022 tanta
1194 1949 1269 2039 vis,
1296 1971 1339 2022 ac
1364 1958 1442 2026 tam
1469 1949 1540 2049 agi·

211 2085 269 2159 les
293 2095 443 2182 tamque
469 2082 606 2158 celeres
631 2093 767 2174 motus,
807 2095 882 2157 tam
908 2092 1052 2182 promta
1083 2083 1256 2174 facultas,
1296 2091 1338 2156 nt
1368 2084 1409 2157 in
1439 2083 1541 2159 facili

213 2229 251 2294 et
272 2217 517 2317 extemporali
541 2241 673 2318 genere
698 2217 795 2292 nihil
821 2218 995 2318 reperias,
1021 2241 1098 2292 nou
1122 2215 1376 2321 aolumqnod
1389 2217 1541 2319 'scriptis

211 2354 318 2430 illius
344 2353 537 2446 anteferre,
570 2353 637 2430 sed
662 2379 709 2430 ne
735 2353 900 2428 conferre
927 2353 1077 2453 quidem
1101 2353 1235 2452 possis:
1269 2332 1368 2427 nihil
1393 2353 1436 2426 iu
1462 2353 1539 2428 illia

211 2488 429 2581 sollicitum,
466 2487 565 2562 nihil
597 2488 816 2588 quaesitum,
852 2488 952 2564 nihil
983 2489 1145 2564 anxium.
1197 2484 1394 2562 Sententiis
1425 2487 1540 2564 verba

211 2633 402 2725 urgentur,
429 2623 543 2699 verba
560 2625 757 2698 sententias
774 2617 1024 2720 mountfffl)
1057 2617 1127 2696 Cui
1147 2623 1284 2698 iudicio
1303 2620 1539 2717 Bersmanus‚

212 2761 284 2861 quo
317 2758 530 2859 diligentius
569 2761 648 2858 ipse
679 2731 1098 2858 Nasonis'lepidtssima
1131 2769 1172 2834 ct
1193 2763 1345 2856 canora
1372 2763 1540 2860 poemata

210 2903 482 2985 retractaverut,
523 2919 566 2968 eo
604 2895 751 2968 certiori
789 2893 902 2968 animi
941 2895 1175 2992 persuasione
1211 2896 1379 2986 accessit,
1419 2893 1474 2968 ita
1491 2901 1540 2970 nt

210 3031 318 3106 nulla
355 3039 506 3104 restaret
548 3028 745 3120 dubitatio,
790 3029 881 3127 quin
917 3037 1036 3103 tantas
1074 3027 1264 3104 Musarum
1300 3031 1539 3106 amoenitates

210 3191 307 3240 nova
331 3165 541 3241 recensione
567 3163 710 3264 publici
736 3164 828 3237 iuris
854 3165 999 3238 faceret.
1042 3162 1164 3262 Atque
1190 3165 1241 3238 ita
1267 3163 1539 3264 quidenhanc

210 3301 410 3376 editionem
444 3301 640 3400 disposuit,
679 3308 725 3372 ut
754 3301 900 3373 intres
939 3309 1066 3374 tomos
1097 3299 1236 3391 omnia,
1276 3307 1540 3400 quaeeritaut,

210 3432 337 3512 (hvidii
375 3437 539 3510 carmina
575 3437 843 3536 digererentur,
883 3435 1082 3532 praemisso
1115 3435 1382 3534 persingulas
1420 3436 1539 3512 libros

210 3580 439 3672 argumento,
467 3580 503 3645 et
517 3575 603 3645 uon
621 3570 732 3644 modo
758 3568 938 3667 adspersis
959 3570 1008 3644 ad
1031 3572 1233 3668 marginem
1251 3571 1537 3668 animadversio·

209 3706 333 3800 nibus,
367 3729 456 3806 quas
483 3706 570 3783 hinc
597 3705 689 3781 inde
715 3703 865 3779 diffusas
889 3703 1016 3780 editor
1041 3703 1209 3804 apiculae
1238 3705 1365 3782 instar·
1379 3707 1537 3809 college·

276 4047 306 4109 ¹¹)
324 4047 405 4098 dutus
419 4047 551 4114 editionis,
570 4057 638 4096 anno
654 4043 720 4094 159⁶
736 4045 872 4112 repetitae,
890 4044 917 4093 ln
930 4039 1087 4094 bibliotheca
1099 4039 1267 4095 hessavlensl
1279 4049 1432 4096 asservatur
1446 4053 1536 4099 crem·

207 4136 299 4203 ptam,
324 4136 367 4184 ent
390 4135 476 4186 sutor
498 4134 563 4184 haee
587 4130 669 4182 verba
686 4130 812 4194 adcripslt
829 4129 1006 4182 semona:
1041 4125 1160 4194 ‚ductito
1177 4141 1357 4192 negaueram
1373 4121 1537 4199 Prtndpl'et

211 4219 338 4286 llomlno,
362 4220 410 4270 Du.
427 4219 559 4270 loaclitmo
576 4216 685 4267 Ernesto
703 4213 882 4266 illustrissimo
908 4218 935 4263 et
950 4215 1131 4267 laudatissimo
1148 4212 1191 4264 Pr.
1209 4215 1331 4266 lohannls
1349 4217 1475 4284 Georgll,
1493 4217 1536 4268 Pr.

210 4304 312 4354 Anhelt.
330 4317 397 4355 com.
414 4305 557 4371 Ascanlm,
588 4303 635 4352 Du.
654 4301 795 4351 semitae
822 4311 853 4350 ac
881 4299 976 4349 Bernb.
1001 4285 1049 4349 etc.
1072 4300 1098 4349 Ρ.
1123 4297 1206 4360 (fillo)
1229 4299 1313 4351 lorch.
1331 4299 1435 4352 Ernesti
1460 4301 1489 4353 P.
1507 4301 1536 4354 P.

207 4388 379 4442 beatissime
396 4401 480 4452 reque
496 4389 641 4444 mamonae
658 4385 715 4436 Prs.
735 4385 763 4436 N.
782 4383 922 4452 (principis
939 4383 1042 4450 nepoti)
1064 4385 1174 4437 somno
1194 4385 1221 4436 S.
1238 4388 1444 4456 emendemus
1466 4387 1536 4440 Gre-

203 4455 300 4539 'sonus
318 4476 477 4528 seuuemo
495 4476 522 4525 ln
539 4473 723 4540 significationi
741 4471 949 4524 subiectissime
966 4472 1124 4537 voluntatis,
1152 4473 1231 4522 studit
1249 4477 1327 4537 atque
1344 4483 1443 4538 operae
1460 4474 1490 4524 1).
1505 4473 1535 4526 Ι).

206 4567 240 4598 '-
262 4559 466 4616 cleotinus·

517 4647 620 4712 amaea
637 4647 707 4703 culm
723 4643 812 4696 virtus
829 4645 913 4696 ιιιιιι
930 4641 982 4700 cur
998 4643 1111 4708 tangere
1127 4643 1224 4710 Ιιιιι,

519 4733 630 4788 carmen
647 4736 728 4798 auat,
746 4729 864 4798 qusquis
882 4728 999 4788 tamine
1017 4727 1097 4793 tigna
1114 4731 1192 4792 gerit

259 4825 968 4918 “latmoffltomffltupreetettteer
1030 4839 1047 4860 ·⁸
