3328 5348
232 1220 429 1320 Vitebergo
476 1221 586 1319 igitur
630 1230 803 1294 avocatus
849 1213 1068 1291 Bersmanus
1114 1241 1208 1312 anno
1252 1215 1444 1310 MDLXXI

125 1381 216 1432 vere
244 1358 404 1433 ineunte
445 1353 604 1456 Lipsium
644 1355 832 1442 concessit,
877 1351 941 1426 ubi
982 1351 1101 1426 ordini
1134 1327 1444 1453 *philosophorum

124 1493 332 1592 adscriptus
372 1491 601 1566 commissam
641 1489 711 1563 sibi
748 1489 1005 1588 professionem
1037 1487 1124 1560 artis
1161 1488 1321 1586 poeticae
1353 1491 1466 1566 adiit

125 1639 163 1702 et
190 1628 343 1727 collegis
369 1628 444 1700 suis
473 1629 522 1700 ita
548 1625 702 1724 placuit,
735 1634 775 1698 ut
806 1621 934 1732 eodem
966 1620 1086 1710 adhuc
1119 1646 1212 1695 anno
1229 1622 1442 1702 'Decanatus

123 1765 246 1838 honor
277 1763 316 1836 iu
349 1787 432 1836 eum
466 1762 698 1834 conferretur.
758 1740 1003 1846 Quo'‘'honore
1024 1767 1066 1830 ut
1098 1757 1249 1856 dignum
1276 1785 1314 1834 se
1341 1783 1440 1860 prse-

123 1907 254 1990 staret,
289 1906 430 1995 praeter
455 1906 570 1970 artem
597 1895 776 1993 poeticam
803 1904 838 1966 et
864 1891 1082 1967 rhetoricam
1108 1895 1306 1968 severiores
1333 1896 1442 1972 etium

125 2032 383 2132 philosophiae
416 2031 627 2128 disciplinas
662 2030 805 2104 dooere·
821 2051 930 2102 sunm
963 2052 1040 2103 csse
1067 2029 1223 2128 putavit,
1259 2030 1369 2130 idque
1399 2059 1441 2132 eo

125 2169 268 2268 potius,
304 2165 402 2264 quod
428 2190 501 2238 non
527 2166 603 2240 sine
630 2188 760 2264 magno
788 2163 915 2238 dolore
941 2162 1104 2257 videbat,
1116 2165 1298 2266 frigere
1288 2183 1376 2280 iqtu
1386 2168 1440 2266 iu,
1537 2269 1539 2274 ,

125 2307 302 2404 ciperet
268 2301 432 2396 studium
459 2301 539 2400 phil
541 2300 712 2398 osophiae
739 2299 875 2375 Aristel
876 2323 938 2374 eo·
858 2295 1044 2374 l·Phil
1018 2299 1191 2414 lippiae,
1219 2323 1332 2431 proc
1304 2301 1441 2379 lamata
1538 2351 1541 2356 -
1573 2313 1575 2320 '

104 2461 247 2538 ¹nuper
272 2461 366 2514 nova
399 2463 439 2512 ec
470 2446 550 2511 tum
576 2438 754 2536 temporis
786 2461 871 2511 sane
897 2436 1076 2538 stupenda
1104 2437 1202 2518 Peos
1228 2399 1346 2540 Remi
1359 2437 1441 2514 doc·
1483 2424 1486 2431 ¹

125 2575 241 2665 trina,
270 2575 332 2672 qui
359 2572 566 2647 Aristotelis
592 2573 785 2646 sententias
812 2572 996 2662 adunam
1022 2595 1147 2646 omnes
1174 2573 1442 2650 commenticias

125 2733 206 2786 esse
231 2733 299 2782 suo
326 2711 404 2782 iure
431 2707 501 2782 sibi
528 2707 722 2783 videbatur
748 2732 851 2808 posse
877 2707 1109 2798 contendere,
1140 2707 1267 2782 multis
1294 2677 1443 2808 quidem

128 2842 390 2936 annuentibus,
425 2843 589 2918 omnium
622 2844 781 2918 maxime
814 2867 900 2918 vero
939 2843 1157 2918 adversariis
1191 2842 1337 2918 scholae
1369 2841 1440 2920 Me·

124 2980 433 3056 lanchthonianue
471 2977 787 3077 applaudentibus.
848 2977 901 3052 Ac
942 3003 1026 3052 cum
1063 2976 1205 3078 Lipsiae
1235 2979 1442 3058 institutum

126 3126 238 3210 esset,
273 3125 314 3190 ut
347 3116 384 3186 in
411 3113 636 3188 solemnibus
670 3112 887 3190 Academiae
922 3112 1160 3188 conventibus
1190 3112 1443 3222 ahProfessore

127 3259 277 3352 poeseos
304 3237 490 3348 provincia
517 3248 664 3345 publice
691 3249 835 3323 dicendi
863 3250 1118 3348 susciperetur,
1146 3248 1367 3326 Bersmanus
1393 3262 1441 3326 ct·

128 3392 203 3464 iam
230 3387 318 3462 huic
345 3383 466 3458 officio
493 3383 543 3456 ita
569 3407 682 3483 usque
709 3383 909 3482 respondit,
945 3393 986 3458 ut
1012 3408 1192 3477 sermone,
1219 3387 1296 3460 sive
1323 3387 1442 3464 soluto

129 3527 208 3600 sive
238 3521 389 3598 metrico
417 3542 604 3618 perorans,
640 3519 865 3620 eloquentiae
892 3519 1058 3596 effectum
1071 3530 1334 3622 assequeretur
1360 3524 1382 3596 i.
1411 3549 1440 3598 e.

130 3659 360 3736 audientium
382 3655 689 3754 approbationem.
742 3653 963 3730 Testimonia
982 3656 1077 3756 typis
1104 3679 1272 3758 expressa
1291 3666 1442 3752 exstant,

131 3819 204 3868 non
232 3792 354 3886 solum
381 3792 556 3884 carmina,
584 3791 650 3865 sed
677 3793 786 3866 etiam
803 3793 997 3884 orationes,
1024 3815 1183 3894 querum·
1197 3792 1443 3870 doctissimam

132 3957 212 4004 eam
239 3953 315 4004 esse
342 3926 482 4018 iudico,
510 3951 619 4026 quam
646 3923 971 4038 aunonMDLXXV
998 3925 1114 4002 edidit
1137 3927 1191 4002 de
1219 3928 1444 4032 dignitate
1473 3899 1480 3916 ’

134 4075 175 4140 et
208 4063 489 4162 praestantia
521 4063 722 4162 poetices
752 4065 775 4138 1.
803 4088 833 4140 6.
861 4062 1208 4162 antiquissimae
1239 4064 1442 4166 philoso-

127 4201 277 4300 phiae.
331 4195 431 4288 Qtrae
458 4197 605 4296 quidem
632 4201 746 4274 oratio
774 4199 875 4298 quasi
903 4197 1079 4299 expositio
1105 4198 1444 4280 uberior-locorum

132 4331 314 4412 Ciceronis
346 4357 473 4408 eorum
505 4341 571 4426 est,
612 4333 746 4434 quibus
786 4335 851 4409 1116
884 4335 998 4436 poetis
1031 4333 1191 4436 palmum
1220 4339 1339 4425 omnis
1373 4335 1443 4414 ole-

137 4471 310 4572 gantioris
337 4468 523 4542 doctrinae
548 4467 678 4543 tribuit
704 4469 958 4560 asseverando,
992 4494 1012 4544 e
1039 4470 1187 4546 doctis
1220 4472 1442 4574 antiquis·

135 4611 294 4682 simum
319 4628 459 4704 genus
487 4627 583 4678 esse
609 4611 858 4703 poetarum,
886 4629 997 4704 aquo
1025 4629 1130 4679 omne
1154 4604 1300 4683 dicendi
1319 4631 1443 4707 genus,

139 4767 261 4818 omnes
289 4738 502 4847 exellentiae
537 4747 572 4815 et
605 4739 896 4839 pulchritudines
922 4742 1114 4833 sermonis,
1147 4743 1378 4846 numerisque
1402 4767 1446 4824 sc
