3328 5348
843 281 888 354 18

136 458 161 625 al
171 377 238 688 ll!
250 415 325 704 1Ιί
372 553 537 641 Dictat),
560 577 625 642 quo
647 555 753 622 studio
776 555 971 623 Bersmauus
993 553 1173 620 adhaeserit
1196 551 1260 616 iilic
1283 549 1433 636 (Patavii)

415 673 555 764 Ingenio
576 677 699 761 magnis
722 673 916 760 eloquioque
937 675 1022 748 viris,

372 791 604 859 Roborteilc
626 789 701 866 tibi,
730 789 1000 856 Picoiominee
1022 787 1158 872 tibique,

416 907 483 990 Qui
507 907 650 972 studium
672 912 777 994 arguti
798 905 921 994 grande
943 905 1087 970 Platonis
1110 905 1212 969 alunt:

376 1023 422 1090 Et
442 1024 532 1090 vobis
554 1025 703 1100 medicis,
732 1022 943 1112 Capivacci
964 1021 1216 1107 Hieronymo,
1239 1018 1377 1086 Victor

414 1141 666 1216 Trinoaveia,
690 1139 824 1207 Crassi
845 1139 1055 1223 Paulloque
1077 1160 1195 1204 nomen
1216 1137 1355 1205 habene:

372 1257 473 1342 Qneis
497 1256 686 1326 Antenorea
707 1257 903 1324 Bersmanus
925 1259 959 1322 in
981 1254 1062 1322 urbe
1085 1264 1237 1329 moratus,

415 1376 506 1444 Dum
527 1375 647 1442 dociles
669 1397 761 1443 aures
784 1372 983 1448 commodat,
1005 1395 1107 1440 annus
1129 1373 1206 1438 abit

371 1494 466 1562 Alter
487 1503 521 1560 et
542 1515 644 1560 annus
667 1493 749 1568 abit,
776 1492 855 1558 dum
877 1490 990 1556 doctos
1012 1488 1142 1557 sedulus
1164 1491 1264 1565 audit,

414 1610 506 1694 Quos
527 1609 606 1676 urbs
628 1609 669 1676 do
691 1609 769 1674 ferri
792 1611 921 1676 nominc
944 1609 1030 1674 dicta
1051 1607 1152 1685 fovet,
1176 1607 1351 1692 (Ferraria)

369 1727 498 1816 Dignus
521 1726 668 1792 doctrina
688 1704 807 1801 vestra,
830 1725 1013 1813 Baptista
1034 1723 1203 1799 Cananc,

409 1845 683 1931 Vincentique,
705 1854 763 1910 tuo
785 1844 902 1931 dignus
925 1865 1033 1909 amore
1055 1841 1175 1918 Madi,

370 1963 440 2030 Nec
462 1985 529 2030 non
551 1961 702 2048 Aemylio
723 1961 856 2049 perfusa
876 1959 1027 2026 Bononia
1047 1959 1174 2035 Rheno,

409 2080 497 2148 Fons
518 2080 738 2146 doctrinarum
758 2078 992 2163 Pieridumque
1013 2099 1143 2164 parens,

366 2197 526 2264 Misniaco
543 2201 655 2282 juveni
675 2201 817 2284 pretiosa
837 2199 1005 2283 magistra,
1028 2192 1165 2282 Sigoni

406 2315 523 2402 Tuque
546 2313 750 2382 admirandus
774 2311 918 2379 Caroie
941 2312 1055 2380 doctor
1077 2335 1157 2388 eras,

365 2431 433 2515 Qui
454 2433 514 2498 tibi
536 2430 688 2497 Fabricio
711 2453 842 2517 quoque
866 2429 1111 2497 commendante
1133 2429 1293 2517 placebat,

408 2549 708 2620 Commendabilior
729 2546 878 2614 laudibus
901 2550 970 2634 ipse
993 2539 1098 2631 suisti&

93 403 167 662 l*

794 3061 906 3211 ΪΧ.

52 3402 167 3494 5357,
300 3385 354 3462 lta
379 3385 599 3490 Bersmanus
625 3391 817 3483 postquam
849 3394 923 3460 tres
948 3387 1024 3462 fere
1050 3411 1162 3461 annos
1188 3412 1208 3462 e
1235 3389 1351 3488 patria
1378 3387 1514 3481 abfuit,

196 3520 343 3596 ineunte
376 3523 497 3598 hieme
528 3520 614 3594 anni
645 3514 838 3591 MDLXIV
872 3545 918 3596 ex
948 3518 1054 3595 ltalia
1080 3521 1189 3596 rediit
1223 3531 1258 3596 et
1284 3523 1404 3598 animo
1431 3521 1511 3597 Deo

196 3655 400 3731 confidente
430 3656 553 3731 sedem
580 3680 621 3729 ac
648 3653 877 3728 domicilium
912 3678 1019 3729 suum
1053 3651 1270 3756 Vitebergae
1302 3657 1511 3732 collocavit.

195 3787 251 3864 lbi
278 3792 352 3866 iam
378 3789 575 3866 Academia
608 3788 726 3867 tribus
754 3787 887 3863 abhinc
912 3790 1016 3864 annis
1049 3791 1208 3864 maximo
1235 3803 1446 3866 ornamento
1474 3802 1513 3866 et

195 3926 296 4022 quasi
331 3926 446 4024 capite
482 3948 565 4014 suc,
607 3920 779 4022 Philippo
813 3921 1108 4015 Melanchthone,
1150 3924 1277 4000 orbata
1315 3934 1407 4018 erat,
1448 3927 1510 4004 cui

196 4161 403 4172 *ψα-
422 4163 449 4168 -.
462 4161 501 4168 ...-

267 4259 296 4357 i)
315 4295 393 4348 l’olta
411 4295 495 4346 lluaaa
514 4294 663 4355 alloquitur.

241 4414 287 4476 **)
311 4416 516 4468 Franclscus
540 4411 787 4478 Baburianae,
812 4411 958 4478 Utinensis,
985 4414 1056 4462 exsul
1081 4414 1113 4464 ob
1137 4415 1317 4480 homicidium,
1342 4417 1376 4468 ad
1392 4416 1504 4481 primam

192 4503 356 4562 eloquentiae
375 4508 400 4550 et
419 4499 595 4564 philosophiae
613 4498 762 4548 cathedram
781 4501 902 4562 evectus,
921 4496 984 4547 obllt
1000 4497 1100 4549 Patavll
1118 4511 1185 4550 anno
1205 4500 1320 4550 leoz-
1340 4501 1504 4553 Francis-

191 4599 249 4636 cus
272 4584 574 4648 Plcoolomlneus‚
598 4579 696 4634 l’atavll
714 4582 890 4646 philosophiae
907 4579 1061 4640 Professor,
1079 4582 1195 4634 Platonis
1212 4597 1271 4636 cum
1280 4585 1420 4638 ansatus
1437 4601 1503 4638 con·

189 4672 306 4738 oillator,
331 4671 395 4723 obiit
421 4670 486 4719 loos
503 4669 530 4718 lu
554 4668 619 4716 urbe
643 4667 819 4733 Senatum,
844 4667 928 4730 patria
946 4679 1002 4718 aaa.
1032 4691 1058 4701 -
1084 4669 1308 4730 hieronymus
1333 4670 1503 4736 Caplvae-

189 4759 266 4808 elas
285 4769 315 4808 ea
331 4757 412 4810 noblll
430 4754 529 4808 lanula
540 4749 638 4804 Patavii
657 4757 749 4820 uatus,
767 4751 830 4802 artis
848 4751 993 4803 medicinae
1002 4749 1139 4805 l‘roleeaor
1145 4788 1154 4820 7
1173 4754 1235 4804 obltt
1255 4755 1328 4805 1589.
1342 4782 1366 4790 —
1386 4757 1506 4808 victor
