3242 5356
847 295 905 375 4⁹4·

217 571 529 690 proscriptionem·
544 582 606 659 vel
615 573 679 658 sad
706 599 875 659 carceres·
891 579 1136 674 condemnati,
1146 607 1193 656 :aa
1202 551 1534 677 manantemque

217 724 347 804 remoti
375 731 423 796 et
441 721 523 796 looo
556 744 622 794 suo
645 709 801 819 ⁴expulsi
831 728 942 795 sunt.
979 713 1048 792 Cui
1077 717 1284 792 tristissimo
1317 711 1535 790 fato-etiam

216 865 338 932 noster
368 855 517 931 tandem
550 853 743 929 succubuit
774 849 969 954 Gregorius
1001 853 1235 944 Bcrsmanus‚
1268 850 1329 925 ad·
1349 869 1461 950 quem
1493 853 1535 920 ut

142 1076 144 1081 ,
215 991 535 1084 narratio-redeat,
562 998 709 1088 tempus*
731 999 864 1064 monet.

790 1535 951 1661 XIX.

266 1813 269 1818 “
313 1799 413 1877 Dum
438 1801 554 1902 igitur
581 1802 734 1877 Iacobus
759 1805 928 1878 Andreae
954 1829 1039 1880 cum
1064 1778 1185 1881 sociis·
1199 1811 1328 1880 cunotc
1353 1803 1393 1876 iu
1419 1796 1532 1876 eccle·

210 1940 262 2016 tie
288 1933 480 2014 Saxonioa—
498 1961 564 2037 pro
597 1937 774 2012 arbitratu
806 1962 872 2012 suo
900 1940 1028 2040 agebat
1046 1950 1090 2016 et
1116 1941 1218 2041 quasi
1244 1937 1425 2039 praetoria
1449 1933 1532 2034 lege

211 2099 253 2148 ac
279 2079 455 2172 potestate
479 2072 857 2166 'eos-condemnabat,
899 2075 962 2173 qui
1000 2077 1040 2148 iu
1078 2076 1191 2151 verba
1230 2073 1411 2150 formulae
1443 2093 1532 2144 suec

212 2207 332 2286 iurare
359 2207 590 2300 recusabant,
623 2204 847 2282 Bersmanus
873 2219 1011 2301 noster,
1047 2210 1193 2286 scholae
1219 2206 1530 2308 Melanchthonia·

210 2345 277 2422 nae
296 2352 463 2420 constans
490 2369 531 2418 ac
557 2351 698 2418 strenus
726 2345 911 2436 defensor,
939 2370 981 2420 eo
1002 2347 1141 2421 maiore
1161 2347 1200 2419 in
1221 2346 1431 2420 discrimine
1449 2366 1529 2422 ver·

208 2480 374 2573 sabatur,
403 2480 501 2578 quod
527 2461 716 2554 Nicolaus
733 2474 986 2573 Selneccerus,
1019 2479 1141 2557 Iacobi
1172 2479 1341 2556 Andreae
1374 2481 1532 2582 armiger

210 2625 246 2694 et
272 2614 511 2692 consiliorum
546 2615 625 2688 eius
664 2595 953 2690 studiosissimus
995 2617 1178 2709 minister,
1224 2616 1459 2691 infestissimo
1480 2618 1532 2692 -in

207 2751 329 2854 ipsum
369 2750 489 2823 animo
529 2774 646 2849 usque
680 2749 800 2824 adhuc
833 2775 910 2824 sese
937 2751 1100 2827 dederat
1147 2749 1313 2851 Namque
1341 2747 1530 2828 Selnecce·

207 2911 270 2962 rus
296 2885 630 2987 praestantissimus
649 2894 726 2960 erat
746 2911 766 2960 e
791 2909 945 2960 numero
961 2886 1124 2963 illorum
1150 2863 1436 2987 transfugarum,
1465 2890 1531 2988 qui

206 3031 346 3098 mutato
379 3030 543 3120 tempore
576 3021 740 3094 animum
770 3029 952 3095 mutantes
979 3030 1094 3096 castra
1120 3017 1416 3098 Melanchthonis'
1440 3023 1528 3098 reli·

208 3165 377 3260 querant,
403 3155 540 3229 utiam
565 3154 791 3229 adversarios
819 3155 865 3229 ad
884 3156 1140 3256 opprimendos
1168 3182 1244 3250 eos,
1272 3159 1335 3256 qui
1356 3157 1528 3234 olimsui

205 3295 365 3385 fuerant,
389 3290 632 3366 adiuvarent.
687 3287 805 3380 Quare
832 3293 1045 3391 exemplum
1077 3293 1298 3372 constantiae
1325 3292 1527 3390 Bersmani,

205 3427 295 3504 sibi
315 3424 473 3500 Pastori¹
498 3424 677 3524 Lipsiensi
717 3434 801 3500 ante
841 3427 966 3500 oculos
997 3411 1240 3527 propositum,
1282 3453 1366 3503 cum
1391 3456 1526 3533 magno

158 3536 162 3545 ¹
205 3587 271 3638 suo
298 3560 437 3663 pudore
464 3559 792 3653 animadvertebat,
840 3586 980 3636 necnon
1019 3564 1236 3638 conscientia
1268 3588 1334 3638 sua
1359 3566 1524 3646 admoni-

120 3761 125 3773 ,
193 3680 265 3773 ’ωε
291 3696 362 3772 sibi
376 3696 487 3771 'dicta
512 3691 677 3797 putabatv
692 3721 785 3788 esse,
813 3721 906 3798 quae
933 3695 1154 3773 Bersmanus
1181 3723 1397 3801 quacunque
1423 3729 1524 3780 occa·

204 3833 305 3908 sione
332 3829 455 3906 oblata
480 3831 520 3906 iu
546 3856 608 3905 ore
632 3830 791 3906 habebat
817 3832 863 3905 dc
890 3831 944 3925 iis,
972 3833 1106 3931 quibus
1132 3839 1206 3909 iam
1231 3833 1432 3912 honorifica
1458 3863 1522 3914 no·

203 3968 314 4043 minis
340 3964 676 4041 Melanchthoniani
706 3966 894 4065 usurpatio
928 3968 1049 4043 fraudi
1077 3978 1185 4061 esset,
1220 3971 1392 4071 „ingratis
1425 3977 1523 4050 scili·

204 4112 261 4178 cet
300 4087 507 4202 discipulis,
550 4103 612 4201 qui
640 4101 825 4175 doctrinae
864 4100 1071 4179 uberrimae
1110 4115 1253 4180 nectare
1292 4131 1314 4178 a
1345 4103 1521 4210 Phiiippo

204 4236 352 4330 imbuti,
385 4236 571 4312 doctorem
606 4242 799 4336 optimum,
817 4240 928 4316 ¹sicut
963 4248 1119 4338 matrem
1149 4240 1294 4340 pullus,
1328 4251 1522 4344 postquem

203 4374 297 4450 lacte
313 4379 512 4447 saturatus
545 4373 607 4464 sit,
650 4373 810 4448 calcibus
845 4370 1140 4474 impeterent‘ff).
1199 4373 1277 4449 Iam
1308 4401 1396 4452 vero
1429 4379 1519 4456 huic

271 4647 301 4711 *)
318 4649 403 4700 verba
424 4648 560 4700 Bersnani
583 4664 608 4699 v.
627 4646 820 4702 Praetutionem
840 4609 1026 4714 sasimorum
1049 4649 1120 4714 virg.
1140 4650 1245 4704 Tomi.
1261 4677 1287 4686 -
1309 4649 1441 4718 Philippus
1460 4657 1516 4708 iic·

203 4735 357 4800 ienchthcn,
382 4735 455 4784 cuius
478 4735 555 4785 naevi
579 4747 670 4786 omnes
690 4736 810 4787 ubertate
836 4730 951 4788 inritatis
977 4735 1073 4788 obtecti
1100 4742 1188 4804 erunt,
1213 4744 1242 4787 ut
1260 4740 1292 4789 de
1311 4737 1439 4802 cypriano
1457 4742 1514 4792 iiu-

204 4821 324 4886 snrtinus
347 4821 477 4886 laudavit,
509 4819 692 4872 Selneccemm
724 4831 827 4884 qnoque
857 4823 1012 4887 discipulum
1036 4825 1164 4892 amicitie,
1194 4827 1245 4878 imo
1271 4823 1441 4878 nautarum
1464 4841 1514 4880 nnc
