3328 5348
867 276 889 347 8

228 553 317 644 cios,
345 549 413 625 ille
440 568 528 624 vere
539 549 747 648 praedicare
776 555 911 650 potuit,
938 551 1038 652 quod
1069 545 1195 627 Cicero
1214 552 1261 626 de
1280 545 1415 627 (latone
1428 552 1537 644 dixit,

227 687 328 761 huno
352 708 471 760 unum
502 682 572 758 sibi
602 685 715 760 fuisse
740 709 807 784 pro
833 697 979 761 centum
1003 684 1182 760 millibus.
1235 683 1353 776 Quem
1379 687 1540 762 eundem

229 821 415 921 aequales,
454 820 605 893 honoris
645 821 919 920 exquisitissimi
964 845 1085 912 causa,
1132 822 1298 913 Magistri
1341 825 1539 896 aemonia

231 957 341 1030 titulo
375 963 611 1047 amaverunt,
653 955 751 1054 quod
783 956 897 1055 ipsius
928 980 949 1029 e
981 954 1107 1029 schola
1142 964 1329 1055 tamquam
1366 981 1413 1030 ex
1444 980 1539 1055 equo

229 1089 385 1164 Troiano
427 1059 609 1164 innumeri
649 1090 815 1164 exienmt
857 1091 1049 1164 literarum
1087 1113 1271 1162 sacrarum
1295 1099 1331 1164 et
1368 1089 1539 1163 humani·

230 1249 336 1300 orum
368 1223 565 1324 principes,
607 1225 669 1323 qui
707 1224 753 1298 ad
786 1225 971 1316 ecciesiae,
1012 1221 1236 1322 reipublicae
1269 1233 1306 1297 et
1330 1223 1543 1298 scholarum

230 1363 496 1436 incrementum
525 1359 663 1433 mirum
695 1367 871 1457 quantum
897 1358 1144 1450 contulerrmt,
1176 1381 1250 1433 non
1280 1359 1320 1434 in
1346 1353 1544 1435 Germania

230 1505 387 1588 tantum,
415 1493 480 1569 sed
505 1494 545 1568 in
569 1503 645 1568 tota
668 1494 745 1568 fere
770 1491 926 1594 Europa.

332 1763 448 1840 Tanta
480 1763 593 1862 igitur
624 1785 739 1863 quum
770 1769 864 1837 esset
894 1759 1060 1863 Philippi
1092 1759 1384 1838 Melanchthonis
1415 1759 1545 1861 gloria,
1646 1851 1647 1856 Ἰ

233 1899 341 1974 facile
355 1897 551 1996 colligitur,
577 1893 818 1970 Bersmanum
830 1906 1010 1989 nostrum,
1036 1898 1158 1972 studio
1178 1895 1342 1973 discendi
1355 1898 1547 1972 incensum

234 2031 531 2133 flagrantissimo,
564 2030 661 2106 nihil
684 2031 800 2130 magis
825 2030 864 2104 in
895 2033 991 2107 votis
1022 2031 1208 2124 habuisse,
1249 2056 1359 2130 quam
1390 2039 1434 2105 ut
1466 2055 1549 2104 eam

236 2167 368 2243 urbem
395 2175 431 2240 et
456 2165 677 2240 academiam
703 2166 804 2239 adire
827 2164 900 2239 sibi
924 2166 1068 2259 liceret,
1094 2165 1161 2241 ubi
1186 2168 1246 2242 vir
1270 2167 1337 2241 ille
1356 2191 1430 2240 non
1450 2190 1547 2239 com·

236 2299 412 2403 parabilis
437 2323 588 2399 regnum
614 2299 820 2374 literarium
844 2299 999 2375 tenebat
1050 2299 1101 2376 At
1124 2326 1212 2377 vero
1233 2302 1330 2400 quod
1362 2309 1416 2374 est
1448 2299 1550 2399 apud

237 2433 431 2512 Horatium
456 2459 556 2527 „non
582 2434 700 2510 cuivis
725 2433 867 2508 homini
893 2434 1069 2536 contingit
1094 2436 1195 2512 adire
1220 2431 1475 2527 Corinthum,“
1509 2433 1551 2508 id

237 2582 318 2646 tum
350 2567 571 2643 Bersmanus
604 2592 747 2668 quoque
780 2577 950 2668 expertus
983 2579 1050 2663 est,
1086 2595 1195 2669 quem
1229 2571 1378 2669 quidem
1403 2570 1552 2667 inopem

239 2706 434 2782 necessitas
461 2705 617 2799 Lipoicm
641 2703 798 2803 migrare
829 2705 959 2803 coligit,
994 2706 1168 2803 quoniam
1198 2705 1269 2779 hac
1294 2705 1334 2779 in
1359 2702 1452 2778 urbe
1477 2702 1552 2778 sibi

240 2840 418 2917 cedebant
437 2863 479 2912 ea
496 2837 673 2929 subsidia,
701 2862 807 2935 quae,
836 2836 1022 2936 flagitante
1042 2836 1224 2931 Fabricio,
1251 2863 1273 2912 a
1290 2837 1351 2912 Pr.
1372 2837 1553 2913 Eiectoris

239 2975 402 3076 Augusti
422 2973 671 3048 munificentia
692 2973 957 3070 impetraverat.
998 2970 1099 3062 Quae
1121 2983 1244 3049 tamen
1261 2975 1454 3048 necessitas
1473 2983 1552 3046 tan·

240 3122 321 3187 tram
353 3109 468 3200 abest,
508 3116 551 3181 ut
589 3105 660 3205 ipsi
698 3107 959 3206 impedimento
990 3108 1117 3200 fuerit,
1156 3117 1200 3182 ut
1232 3117 1356 3183 contra
1387 3107 1485 3182 nihil
1518 3109 1554 3183 ei
1646 3143 1647 3150 ¹

243 3245 401 3346 optatius
427 3244 555 3318 cadere
580 3241 741 3340 potuerit
759 3240 807 3315 ad
832 3265 1048 3340 prosperum
1078 3244 1283 3319 studiorum
1302 3267 1454 3319 suorum
1474 3267 1553 3318 suc·

243 3404 400 3471 cessum,
433 3378 567 3478 quippe
598 3378 656 3450 cui
690 3372 833 3474 Lipsiae
848 3377 1023 3476 contigit,
1062 3388 1106 3452 ut
1132 3379 1346 3452 ioocitmom
1377 3378 1554 3450 Comerc-

243 3511 406 3604 rium*),
446 3495 571 3588 virum
601 3509 875 3584 Melanohthoni
916 3511 1252 3587 coniunctissimum
1290 3513 1479 3648 eidemque
1519 3523 1557 3588 et
1646 3541 1647 3552 ¹

64 3742 69 3750 ι
246 3647 409 3762 doctrina
436 3653 472 3720 et
496 3646 632 3722 virtute
658 3644 761 3718 haud
786 3644 981 3743 disparem,
1009 3647 1072 3745 qui
1094 3656 1175 3745 post
1194 3647 1305 3721 illum
1324 3672 1442 3722 unum
1463 3647 1557 3721 aiter
1646 3733 1647 3754 χ

59 3885 90 3898 ⁴.
38 3746 236 3926 gp
220 3751 412 3860 tsaxoniae
439 3779 579 3856 ocellus
610 3777 812 3871 dicebatur,
845 3788 1039 3876 patronum
1069 3791 1176 3880 atque
1206 3783 1385 3856 fautorem
1416 3785 1555 3857 nancis-
1646 3821 1647 3830 κ

37 3912 39 3922 '
72 3896 75 3909 ³
119 3869 236 4042 J
246 3925 418 4007 caretur,
446 3913 556 3990 rebus
585 3915 662 3990 suis
692 3911 861 3988 omnibus
894 3939 942 4013 pa
942 3922 1045 3988 terna
1075 3939 1161 3991 cura
1192 3917 1448 3992 consulentem
1501 3914 1557 3990 De
1646 3959 1647 3964 =

257 4069 564 4083 m

316 4139 345 4201 *)
363 4141 507 4189 ioachimus
526 4137 689 4187 Camerarius
708 4133 797 4196 (natus
815 4135 988 4203 Pabepergae,
1005 4137 1071 4186 urbe
1088 4139 1227 4208 Franciae,
1252 4153 1319 4190 anno
1339 4140 1422 4208 1500,
1447 4143 1557 4192 cenatus

250 4239 317 4274 arina
344 4224 422 4285 1574)
446 4226 516 4274 inter
536 4225 666 4286 principes
690 4223 755 4288 fuit,
788 4223 832 4283 qui
855 4227 910 4271 tum
933 4224 961 4271 in
986 4223 1122 4273 Germania
1144 4227 1230 4275 studia
1252 4237 1347 4287 graeca
1370 4230 1396 4273 et
1418 4229 1556 4277 universas

249 4311 339 4360 literas
357 4311 539 4374 humaniores,
563 4309 685 4360 barbarie
708 4309 797 4374 pulsa,
824 4310 942 4357 certatim
968 4310 1150 4360 excitaverunt.
1186 4311 1330 4377 Georgius,
1354 4309 1477 4372 Princeps
1501 4313 1557 4361 An·
1646 4313 1647 4320 ’

249 4397 362 4446 haitinus
381 4398 534 4459 cognomine
552 4395 627 4461 Pius,
646 4395 711 4443 tanti
731 4405 790 4442 eum
807 4394 885 4462 fecit,
910 4401 939 4443 ut
956 4399 1071 4457 tempore
1089 4396 1153 4445 belii
1170 4395 1333 4446 Smaicaidioi
1351 4409 1410 4446 eum
1428 4409 1485 4446 cum
1502 4403 1558 4447 tota

249 4483 351 4534 familia
372 4481 477 4531 sedibus
495 4481 548 4531 suls
566 4481 699 4530 Dossaviae
722 4480 858 4540 reciperet.
896 4477 976 4538 Quam
1000 4484 1070 4529 arcto
1095 4486 1182 4530 autem
1206 4483 1280 4544 quasi
1302 4485 1445 4543 sanctioris¹
1462 4496 1557 4534 neces-

251 4568 370 4618 situdinis
389 4567 491 4616 vincuio
510 4566 625 4628 Phiiippo
643 4564 831 4614 Meiancirthoni
848 4566 951 4614 iunctus
970 4571 1041 4634 erat,
1060 4568 1150 4618 videre
1167 4568 1228 4617 iicet
1251 4581 1281 4618 ex
1296 4569 1462 4637 narratione,
1482 4583 1559 4632 quarn

252 4655 283 4702 de
302 4655 355 4701 vita
372 4652 572 4702 Melanciihonis
597 4652 700 4713 scripsit
723 4653 775 4698 tam
798 4651 916 4712 graviter
940 4663 1016 4712 quam
1035 4652 1177 4716 eleganter.
1212 4654 1249 4702 lie
1267 4655 1321 4702 vita
1339 4659 1364 4702 et
1381 4656 1484 4717 scriptis
1502 4658 1557 4708 eius

252 4739 426 4788 conterendus
446 4741 486 4788 eet
503 4737 534 4788 ii.
551 4737 643 4788 Adoni
660 4735 728 4787 iiber
746 4736 778 4788 de
796 4736 856 4786 vitis
874 4735 1060 4789 Germanorum
1076 4738 1285 4802 philosophorum
1302 4740 1404 4809 aaa&
