3242 5356
191 1085 235 1162 In
261 1088 340 1186 ipsa
364 1084 458 1159 urbe
484 1081 652 1160 Servesta
668 1082 867 1160 Bersmano
895 1088 1060 1188 contigit,
1088 1086 1187 1186 quod
1210 1085 1410 1161 maximam

79 1221 357 1296 beatitudinem
387 1218 571 1318 praedicat
602 1215 746 1310 Cicero,
786 1231 829 1294 ut
860 1221 921 1294 vel
960 1223 999 1296 in
1032 1222 1175 1320 negotio
1207 1224 1286 1296 sine
1318 1223 1409 1320 peri·

81 1356 194 1446 culo,
221 1355 283 1432 vel
310 1357 349 1428 in
376 1354 450 1428 otio
474 1378 559 1430 cum
585 1354 760 1453 dignitate
787 1379 865 1430 esse
890 1366 1019 1454 posset.
1071 1354 1138 1430 Est
1163 1357 1262 1431 enim
1288 1379 1331 1429 ea
1355 1356 1412 1432 vis

81 1501 127 1564 et
160 1499 290 1564 natura
321 1490 484 1579 honesti,
524 1489 622 1588 quod
653 1490 685 1562 si
719 1491 856 1588 inquo
884 1492 1062 1582 cernitur,
1102 1502 1252 1566 cunctos
1276 1501 1410 1566 movet

79 1623 218 1722 Itaque
246 1622 481 1716 Bersmanus,
523 1624 642 1722 quoad
675 1623 787 1714 vixit,
828 1631 864 1697 et
894 1621 1110 1725 Principum
1141 1627 1258 1725 gratia
1284 1636 1320 1700 et
1350 1650 1411 1724 op·

81 1761 267 1834 timorum
295 1759 456 1864 cuiusvis
486 1758 560 1834 loci
593 1757 758 1834 virorum
791 1757 1036 1850 observantia,
1061 1760 1272 1840 ¹multorum
1303 1761 1414 1852 etiarn

82 1895 240 1970 caritate
277 1895 424 1993 gavisus
465 1903 528 1966 est.
581 1887 748 1980 Quantus
783 1903 906 1966 autem
946 1901 1181 1968 extemomm
1213 1895 1414 1970 amicorum

83 2053 267 2104 numerus
306 2051 391 2102 eum
431 2026 697 2118 observaverit,
737 2027 863 2102 videre
895 2027 984 2124 licet
1016 2053 1061 2102 ex
1094 2028 1276 2127 epistolis,
1315 2039 1415 2106 tomo

85 2163 202 2238 alteri
241 2169 451 2262 poiimatum
490 2162 665 2236 annexis·
715 2157 816 2251 Quae
849 2161 1000 2261 quidem
1033 2160 1223 2238 Bersmani
1256 2164 1416 2238 amicitia

94 2323 182 2374 cum
219 2297 538 2397 praestantissimis
575 2297 701 2370 aetatis
742 2320 830 2370 suae
859 2297 951 2372 viris
984 2319 1058 2369 non
1090 2306 1234 2372 tantum
1273 2298 1417 2398 privata

86 2442 181 2524 erat,
209 2430 274 2505 sed
300 2423 348 2505 ad
374 2428 657 2529 rempublicam,
686 2429 877 2505 ecclesiam
904 2441 940 2504 et
966 2431 1131 2506 scholam
1161 2432 1348 2532 spectabat
1373 2457 1415 2506 ac

92 2567 230 2642 studiis
255 2566 449 2642 literarum
476 2564 706 2643 inserviebat.

196 2697 290 2775 Cum
317 2702 393 2793 suis
427 2700 536 2774 etiam
569 2700 637 2773 illc
670 2709 791 2774 noster
817 2701 1066 2776 amantissime
1092 2708 1128 2774 et
1153 2699 1418 2808 iucundissime

91 2837 201 2910 vixit.
255 2833 405 2908 Liberos
440 2861 460 2908 e
487 2836 640 2932 coniuge
667 2835 793 2908 decem
819 2845 1040 2934 susceperat,
1075 2845 1231 2934 quatuor
1256 2837 1355 2912 fflios
1381 2847 1418 2909 ct

88 2995 158 3046 sex
190 2969 305 3059 filias,
339 2995 359 3042 1
394 2968 528 3067 quibus
561 2993 627 3043 sex
660 2977 891 3068 praematura
922 2979 1040 3043 morte
1065 2972 1269 3068 perierunt,
1309 2990 1416 3060 unus,

90 3105 252 3204 optimae
273 3104 351 3202 spei
378 3104 538 3196 iuvenis,
570 3105 763 3196 Greporiuc
790 3101 992 3194 Parcit),
1019 3099 1060 3178 in
1072 3103 1195 3178 medio
1209 3105 1418 3210 studiorum

89 3263 204 3314 cursu
243 3237 410 3311 Aitorfiae
450 3237 611 3336 maligna
649 3236 746 3310 febri
784 3236 975 3311 absumtos
1014 3263 1108 3311 anno
1148 3234 1279 3312 MDCI.
1337 3235 1417 3316 Hoc

90 3374 174 3448 filio
202 3373 458 3462 dilectissimo,
487 3396 597 3470 quem
623 3373 888 3447 thesaurum
920 3396 1029 3448 suum
1055 3374 1244 3472 appellare
1270 3397 1418 3448 consue·

91 3517 212 3598 verat,
247 3505 391 3581 ademto
422 3504 644 3580 Bersmanus
676 3517 751 3580 tam
782 3529 891 3606 grave
917 3508 1054 3582 vulnus
1082 3505 1234 3609 accepit,
1264 3518 1307 3583 ut
1332 3507 1419 3586 inde

93 3617 143 3716 ab
183 3666 226 3716 eo
264 3651 428 3740 tempore
464 3642 610 3716 animus
643 3642 738 3732 eius,
780 3665 888 3738 quem
927 3649 981 3714 tot
1020 3665 1144 3716 rerum
1183 3643 1420 3717 adversarum

92 3775 279 3876 procellae
303 3777 471 3874 frangere
497 3799 570 3847 non
596 3784 806 3874 potuerant,
833 3775 952 3850 multo
980 3776 1236 3851 debilitaretur
1264 3787 1301 3850 11
1324 3776 1420 3850 tristi

92 3936 204 4010 saepe
221 3911 352 3984 mortis
371 3908 550 3983 desiderio
564 3918 785 4001 moveretur,
807 3935 918 4008 quem
931 3911 1079 3985 1011111111
1095 3912 1155 3986 die
1177 3912 1304 4011 quinto
1318 3926 1419 3985 men·

93 4048 146 4122 sis
160 4041 332 4120 Octobris
351 4069 445 4118 anno
464 4037 621 4116 MDCXI
638 4045 698 4143 pie
712 4054 748 4120 et
766 4045 911 4144 placide
925 4045 1026 4120 obiit.
1079 4045 1174 4123 Nam
1201 4046 1299 4121 male
1324 4045 1421 4120 mori

83 4205 172 4255 unon
198 4167 331 4279 potest,
360 4179 423 4276 qui
449 4176 543 4254 bene
569 4173 738 4273 vixitss).

166 4503 196 4567 a)
207 4491 294 4556 inin
311 4505 344 4554 oe
361 4504 409 4554 iac
427 4502 480 4554 mo
499 4503 589 4553 retunt
606 4502 756 4554 aesinam
773 4503 801 4552 n
817 4501 881 4552 nst.
899 4501 1001 4552 11101.
1020 4499 1048 4551 v.
1068 4499 1120 4550 vn.
1135 4501 1188 4552 ror.
1207 4501 1267 4551 aco.

151 4603 198 4667 ⁸)
217 4607 255 4656 Dc
280 4619 332 4669 quo
350 4604 486 4656 Bersmani
510 4606 553 4668 pio
577 4603 650 4656 obitu
673 4617 725 4655 non
751 4618 874 4670 possum,
900 4603 962 4664 quin
981 4614 1012 4652 aa
1032 4602 1081 4652 hue
1098 4602 1287 4667 transcribam,
1313 4610 1371 4663 qua
1389 4599 1420 4649 ii.

98 4693 215 4746 idanus
237 4703 268 4741 ex
286 4692 405 4743 credone
422 4689 529 4739 funebri
545 4690 582 4738 ita
600 4689 705 4766 retulit:
740 4689 928 4756 „Quamquam
945 4689 1039 4739 cuculi
1057 4688 1192 4740 doloribus
1211 4698 1282 4751 sape
1299 4696 1421 4740 macera-

98 4783 187 4845 retur,
207 4790 268 4832 rrro
286 4781 375 4832 tamen
392 4775 519 4830 iecticnea
536 4775 655 4842 publices
672 4775 876 4830 intermittebat:
903 4776 986 4826 donec
1002 4774 1103 4826 viribus
1121 4775 1206 4825 indies
1223 4771 1421 4836 languescenti·

1190 4873 1211 4943 5
