3328 5348
652 419 856 446 Μαι-μ...-
871 433 878 443 .

101 609 216 708 po'e‘tis
242 611 405 710 inquam,
437 611 588 687 laudem
614 617 753 711 oportet
777 607 990 686 tribuamus.
1042 606 1120 684 lam
1148 606 1246 709 quod
1272 604 1319 680 ad
1343 605 1410 680 hu-

101 767 224 818 manas
244 746 372 820 attinet
384 745 611 845 disciplinas,
639 747 745 847 quid,
773 771 921 845 quaeso,
948 730 1053 820 estin
1079 749 1228 818 naturae
1253 740 1411 815 obscuri·

101 885 184 968 tate,
213 879 303 979 quid
330 881 368 955 in
394 881 469 956 vita
496 890 605 982 atque
630 881 809 973 molitis,
837 881 941 955 cuius
967 905 1041 954 non
1061 902 1229 979 expresse
1253 878 1411 967 scientia,

101 1011 236 1088 nedum
270 1013 485 1091 adumbrata
516 1018 639 1120 opinio
672 1018 711 1091 in
742 1024 931 1118 poetarum
962 1015 1070 1090 libris
1100 1009 1412 1115 repraesentetur?

98 1143 196 1238 Quae
228 1149 326 1226 vitae
359 1153 625 1246 oeconomicus,
659 1177 750 1252 quae
776 1153 952 1252 privatae,
987 1175 1078 1250 quae
1109 1149 1230 1227 civilis
1259 1169 1412 1222 munera

97 1294 204 1384 atque
240 1285 362 1364 officia
391 1287 450 1362 his
477 1289 565 1390 ipsis
597 1288 778 1390 magistris
809 1297 846 1360 et
877 1284 1087 1363 doctoribus
1112 1307 1186 1360 non
1217 1291 1303 1357 sunt
1330 1304 1412 1384 pro·

96 1417 285 1522 mul'gata?
338 1419 428 1512 Quis
467 1423 788 1524 philosophorum,
829 1423 892 1523 qui
931 1422 1066 1522 postis,
1100 1429 1153 1516 ut
1191 1425 1324 1511 aetam,
1365 1417 1415 1492 ita

97 1555 264 1634 doctrina
303 1558 510 1646 inferiores,
559 1560 638 1658 pari
677 1558 870 1660 splendore
916 1566 1023 1656 atque
1068 1554 1230 1632 efficacia
1270 1555 1414 1630 honesti

98 1691 413 1791 pulchritudinem
453 1693 697 1794 vitiorumque
736 1694 1004 1768 deformitatem
1041 1690 1088 1766 ob
1120 1689 1246 1766 oculos
1283 1689 1414 1792 posuit,

96 1835 203 1926 atque
221 1828 261 1900 in
286 1826 470 1902 theatrum
495 1827 693 1928 produxit?
746 1825 836 1919 Quis
860 1829 969 1928 plura
995 1849 1041 1902 ex
1067 1826 1166 1900 omni
1197 1815 1414 1928 antiquitate

98 1961 278 2046 virtutum
312 1963 494 2062 exempla,
529 1965 609 2064 quis
639 1965 794 2040 maiores
826 1987 950 2038 rerum
982 1959 1276 2039 commutationis
1301 1962 1413 2035 fortu-

99 2120 237 2197 naeque
262 2098 476 2172 varietatem
502 2099 654 2200 posteris
680 2097 871 2174 exhihuit?
924 2094 1013 2188 Quis
1038 2096 1232 2170 hominum
1259 2096 1413 2172 clarissi-

97 2249 244 2308 morum
268 2233 363 2306 facta
382 2233 597 2309 iustioribus
623 2235 765 2310 ornavit
784 2233 925 2334 elogiis,
952 2256 994 2305 ac
1012 2232 1211 2306 memoriae
1231 2254 1414 2307 consecra·
1524 2247 1526 2252 '

97 2365 149 2440 vit
172 2366 440 2468 sempiternae?
493 2365 597 2462 Quis,
627 2379 670 2443 ut
700 2367 811 2469 paulo
847 2367 993 2467 longius
1026 2364 1213 2459 abeamus,
1253 2365 1344 2444 olim
1376 2368 1416 2441 in

97 2501 190 2600 agris
216 2501 386 2577 homines
412 2503 607 2604 dispersos,
647 2529 687 2578 ac
713 2503 912 2580 bestiarum
943 2524 1046 2578 more
1076 2502 1211 2602 passim
1243 2510 1415 2604 vagantes

96 2635 271 2738 victuque
296 2639 411 2712 ferino
437 2640 552 2716 vitam
585 2650 821 2740 propagantes
855 2641 894 2714 in
926 2636 1036 2713 urbes
1069 2637 1264 2746 compulit:
1304 2638 1414 2738 inque

96 2773 224 2871 populi
252 2783 408 2865 coetum,
435 2775 514 2850 sive
539 2773 829 2866 multitudinem,
862 2775 953 2850 iuris
981 2797 1158 2848 consensu
1184 2783 1220 2848 et
1244 2773 1414 2848 utilitatis

96 2907 351 2984 communione
388 2910 560 2985 sociatam
591 2920 746 3002 coactos,
770 2899 1001 2984 'humaniore
1040 2910 1219 3008 expolivit
1259 2908 1412 3000 cultura,

45 3044 47 3049 ’
95 3051 129 3116 et
153 3043 200 3118 ad
228 3044 342 3118 vitam
362 3045 526 3120 traduxit
550 3044 854 3122 mansuetiorem?
880 3042 986 3119 Nihil
1005 3070 1065 3120 me
1085 3047 1200 3120 amori
1222 3049 1413 3144 poetarum

95 3178 299 3278 indulgere,
326 3180 423 3254 nihil
439 3183 576 3282 gratiae
595 3182 770 3272 tribuere,
797 3180 862 3256 sed
880 3181 978 3283 quod
992 3204 1051 3254 res
1064 3189 1118 3254 est
1136 3179 1274 3279 eloqui,
1300 3177 1412 3253 fidem

94 3312 234 3404 facerit,
263 3315 361 3413 quod
382 3316 428 3391 de
442 3312 587 3417 Orpheo
608 3317 725 3392 literis
752 3313 939 3416 proditum
955 3314 1104 3416 legitur,
1132 3339 1217 3388 eum
1229 3311 1412 3412 Thmcum

96 3457 239 3547 gentem
274 3450 390 3524 feram
417 3451 579 3552 apprime
611 3462 647 3527 et
677 3453 874 3527 immanem
909 3451 955 3525 ad
980 3449 1235 3527 humaniorem
1263 3457 1299 3523 et
1325 3449 1410 3524 civi·

98 3583 227 3658 liorem
267 3585 364 3660 vitae
396 3587 573 3662 rationem
606 3588 834 3662 convertisse.
888 3584 996 3679 Quod
1034 3589 1123 3662 item
1154 3584 1327 3660 Horatius
1366 3582 1411 3660 de

95 3719 222 3796 eodem
250 3727 437 3796 attestatus
463 3731 517 3797 est
541 3721 710 3819 versibus
735 3705 841 3800 hisce
861 3721 1108 3824 pulcerrimis:
1166 3755 1169 3764 ·

303 3989 469 4059 silvestres
491 3993 654 4069 homines,
676 4015 767 4064 saner
786 3999 1012 4084 interpresque
1034 3995 1191 4068 Deorum,

302 4106 466 4178 Caedibus
487 4119 521 4178 et
541 4113 627 4179 rictu
648 4111 746 4181 foedo
768 4113 925 4182 dotem-uit
947 4112 1112 4201 Orpheus,

299 4227 415 4296 Dictus
438 4227 481 4296 oh
503 4229 566 4298 hoc
588 4229 689 4300 lenire
710 4233 809 4320 tigres
831 4232 1028 4322 rapidosque
1049 4232 1169 4298 leonas.
