3242 5356
186 1083 308 1160 Fideli
328 1097 436 1186 atque
462 1087 561 1160 felici
589 1108 699 1184 opera
713 1081 932 1158 Bcrsmanus
960 1081 1148 1160 Servestae
1176 1109 1218 1161 so
1246 1088 1411 1179 intendit,

81 1230 129 1292 ut
153 1221 385 1298 inventutem
412 1220 483 1296 sibi
512 1219 757 1296 concreditam
783 1220 931 1318 optimis
958 1229 994 1296 et
1020 1220 1160 1296 artibus
1187 1231 1223 1296 et
1247 1222 1438 1314 moribus„

76 1354 277 1430 ‚imbueret
339 1354 450 1446 Quasi
492 1359 565 1430 iam
606 1355 833 1453 cognovisset
864 1355 1091 1454 praeclaram
1129 1354 1235 1430 illam
1270 1332 1410 1435 senten·

88 1490 192 1584 tiam,
242 1515 314 1590 qua
354 1491 580 1564 clarissimus
621 1499 763 1562 nostrae
808 1491 935 1564 aetatis
974 1487 1185 1590 philologus
1225 1489 1413 1571 Bdckhius

85 1625 349 1726 „philologiam
384 1651 462 1700 esse
496 1626 629 1724 cogniti
664 1624 929 1724 cognitionem“
964 1624 1141 1700 iudicavit
1148 1681 1157 1718 ,
1190 1625 1412 1725 Bersmanus

86 1785 156 1833 non
199 1770 389 1835 contentus
430 1771 523 1850 erat,
559 1759 756 1834 abstractas
791 1783 913 1832 rerum
949 1771 984 1833 et
1017 1758 1216 1834 verborum
1247 1764 1413 1843 notiones

87 1897 285 1972 memoriae
305 1896 572 1996 discipulorum
600 1895 767 1994 infigere,
795 1895 859 1970 sed
886 1919 942 1970 res
969 1905 1005 1970 et
1031 1899 1226 1972 sententias
1255 1923 1275 1972 a
1302 1899 1411 1996 scrip·

86 2033 229 2110 toribus
257 2030 444 2106 veteribus
470 2031 638 2120 traditas,
674 2032 769 2104 inter
802 2055 839 2104 se
867 2033 1047 2122 conferre,
1080 2032 1127 2106 ad
1153 2034 1339 2127 unitatem
1359 2058 1411 2108 re·

87 2137 227 2268 dlgare,
256 2166 302 2240 ad
329 2165 503 2242 historiae
531 2167 708 2240 rationem
735 2190 922 2258 revocare,
951 2167 997 2240 ad
1026 2169 1225 2268 praesentis
1250 2167 1348 2257 vitae
1378 2180 1414 2272 et

87 2303 263 2408 temporis
281 2325 391 2374 usum
419 2301 567 2394 referre,
595 2326 668 2381 uno
690 2300 803 2374 verbo
831 2312 871 2375 ut
891 2301 1026 2392 dicam,
1056 2303 1095 2381 id
1110 2302 1344 2414 contendere,
1373 2314 1414 2378 ut

86 2437 231 2540 generis
263 2437 416 2510 humaui
452 2437 490 2510 iu
521 2436 668 2511 cultura
695 2447 802 2536 atque
833 2436 1059 2511 humanitate
1093 2461 1304 2538 progressus
1331 2463 1412 2528 con·

88 2547 230 2650 cretam·
251 2572 411 2672 speciem
438 2582 545 2672 atque
580 2573 739 2672 effigiem
770 2571 1041 2670 ,discipulorum
1068 2550 1206 2646 'animis
1242 2575 1412 2694 icfogna-

87 2721 156 2802 ret,
199 2709 270 2782 hoc
310 2707 509 2806 sapientiae
535 2705 726 2807 Bersmani
765 2709 805 2781 in
837 2706 1025 2782 tradendis
1058 2707 1196 2810 linguis
1229 2719 1265 2783 et
1294 2689 1415 2785 literis

87 2853 162 2920 erat
211 2843 407 2916 consilium
452 2853 488 2916 et
536 2841 716 2933 studium,
765 2841 962 2942 diligenter
1007 2867 1123 2942 usquc
1169 2844 1412 2920 observatum.

88 2977 167 3070 Quo
203 3003 249 3052 ex
283 2978 436 3051 consilio
470 2988 505 3050 et
538 2971 660 3051 studio
695 2975 840 3071 amabat
873 3001 1016 3076 quoque
1048 2978 1193 3052 fabulas
1225 2987 1415 3080 po'e'tarum

88 3125 255 3192 veterum
283 3114 332 3186 ita
359 3113 606 3211 interpretari,
648 3123 690 3184 ut
720 3135 778 3183 res
805 3112 1053 3210 gravissimas,
1094 3116 1173 3188 sive
1214 3116 1259 3188 ad
1300 3117 1414 3190 vitam

88 3250 284 3328 hominum
298 3249 377 3322 sive
404 3247 451 3320 ad
479 3257 646 3320 naturam
673 3255 893 3346 spectantes,
922 3247 967 3320 iis
994 3249 1228 3322 adumbratas
1256 3260 1292 3324 et
1311 3253 1414 3352 quasi

89 3411 153 3488 per
182 3385 381 3484 imaginem
409 3383 569 3484 depictas
603 3407 680 3455 esse
714 3382 934 3472 ostenderet,
970 3384 1074 3456 cuius
1108 3385 1414 3484 interpretationis

88 3523 157 3596 hoc
192 3543 308 3593 unum
348 3518 508 3591 sufficiet
547 3515 713 3590 attulisse
753 3513 1023 3614 exemplum*):
1064 3513 1158 3592 Nota
1199 3529 1253 3594 est
1291 3517 1414 3596 Persei

90 3655 260 3746 historia,
302 3677 411 3751 quem
452 3653 625 3726 adversus
658 3649 868 3752 Gorgonum
907 3662 1068 3752 gentem,
1110 3677 1265 3752 quarum
1291 3657 1413 3756 regina

90 3794 161 3866 fuit
192 3788 363 3890 Medusa,
405 3785 549 3860 bellum
588 3789 755 3888 gessisse,
798 3783 923 3861 Graeci
966 3784 1166 3886 Scriptores
1200 3802 1412 3865 memorant.

94 3924 167 4000 Sed
201 3923 313 3997 huius
348 3920 457 3995 rebus
490 3923 599 4020 gestis
625 3922 772 3997 fabulae
801 3949 884 3998 curn
911 3924 985 3997 alia
1011 3922 1299 4016 admiscuerunt,
1334 3936 1413 4000 tum

93 4059 338 4134 narrationem
358 4058 402 4131 de
422 4055 594 4132 Medusae
621 4061 738 4157 capite
764 4059 930 4149 saxifico,
959 4056 1121 4132 Deorum
1149 4083 1232 4158 ope,
1261 4059 1412 4161 abipso

93 4203 289 4296 amputato.
330 4190 429 4266 Haec
451 4192 618 4266 fabulose
638 4193 774 4285 afficta,
804 4203 975 4297 quantam
1003 4194 1040 4267 in
1067 4217 1210 4267 summa
1236 4194 1412 4273 brevitate

93 4331 279 4406 continent
312 4329 508 4404 doctrinae·
530 4329 685 4427 copiam,
727 4330 944 4402 conferentis
975 4329 1022 4404 ad
1055 4329 1168 4404 vitam
1201 4339 1310 4429 atque
1337 4359 1411 4413 mo·

96 4465 178 4540 res?
231 4461 269 4538 Si
296 4462 471 4540 Perseum
498 4463 638 4540 scilicet
664 4465 841 4538 rationem
872 4463 1070 4564 intelligas,
1098 4459 1287 4542 Medusam
1314 4491 1410 4561 vero,

109 4665 417 4680 ..an-amm*

166 4789 195 4849 *)
217 4790 244 4838 V.
264 4788 341 4838 Pras.
361 4788 393 4838 ud
412 4785 494 4838 0vldll
513 4785 720 4851 neumarpneon
736 4787 827 4837 libros.
939 4859 943 4864 ι
