3328 5348
362 1173 438 1252 Iam
465 1200 565 1269 vero,
600 1205 645 1253 ne
670 1179 824 1256 libellus
856 1174 977 1254 noster
1003 1183 1100 1256 ultra
1129 1182 1220 1258 fines
1248 1191 1415 1258 excurrat
1445 1206 1568 1282 propo-

261 1315 362 1406 sitos,
390 1321 579 1389 revocetur
605 1317 761 1390 narratio
788 1317 834 1390 ad
868 1315 1120 1408 Bersmanum,
1154 1320 1217 1416 qui
1244 1319 1369 1392 doctae
1400 1315 1569 1393 Minerva

262 1455 298 1522 et
323 1450 429 1522 castis
455 1447 569 1524 Musis
596 1452 828 1551 cupidissime
859 1453 1024 1527 addictus
1050 1455 1191 1527 fortiter
1217 1453 1336 1528 adhue
1362 1455 1569 1552 pervicerat,

259 1593 300 1657 ut
325 1581 469 1659 Amoris
496 1575 655 1686 sagittas
669 1589 875 1687 repelleret,
916 1588 1117 1662 multorum
1144 1589 1312 1688 exemplo
1341 1588 1571 1663 confirmatus

260 1720 421 1794 virorum
448 1722 651 1814 doctorum,
687 1725 749 1822 qui
775 1724 887 1797 vitam
915 1723 1112 1796 solitariam
1141 1724 1331 1823 degebant,
1364 1725 1570 1824 coniugium

259 1855 388 1930 studiis
429 1857 688 1957 impedimento
729 1883 805 1932 esse
853 1858 930 1932 rati.
991 1827 1103 1957 Atqui
1143 1857 1286 1958 Lipsiae
1331 1869 1407 1932 erat
1450 1859 1571 1959 puelia
1636 1853 1637 1866 ³

206 1992 510 2190 {phonestissima
537 2005 572 2066 et
598 1996 813 2069 suavissima
835 1995 1058 2087 Mapdaieoo,
1087 1991 1186 2068 Petri
1209 1995 1390 2084 Helborm',
1418 1992 1568 2069 Theolo-
1636 2003 1637 2008 ’

28 2022 201 2194 ,ptri

54 2223 149 2383 isid
162 2228 191 2352 ἦ
256 2263 385 2338 meolis
412 2264 538 2339 ocellis
565 2267 640 2340 suis
649 2269 670 2305 “
703 2265 899 2341 Bersmano
925 2273 1047 2338 nostro
1077 2273 1195 2338 tantos
1222 2265 1322 2364 ignes
1350 2265 1489 2356 iniecit,
1530 2275 1569 2338 ut

222 2175 224 2180 -
256 2127 336 2226 giae
362 2125 528 2204 Doctoris
556 2139 591 2205 et
616 2129 834 2204 Professoris
860 2130 970 2203 modo
998 2128 1158 2204 defuncti
1185 2128 1277 2219 iiiia,
1319 2155 1409 2227 quae
1443 2129 1569 2222 „flam-

256 2409 393 2475 mutato
426 2426 573 2500 prorsus
605 2402 727 2476 animo
761 2427 841 2475 eam
873 2399 944 2474 sibi
971 2425 1123 2474 uxorem
1153 2409 1325 2500 posceret.
1378 2397 1431 2474 Ae
1456 2411 1571 2476 mater
1615 2447 1621 2458 ·

256 2537 369 2610 vidua
403 2564 517 2637 quum
544 2536 733 2613 Bersmani
758 2531 1007 2638 integritatem
1041 2545 1076 2608 et
1108 2535 1279 2634 pietatem
1312 2535 1425 2636 probe
1452 2538 1570 2636 cogni·
1637 2539 1638 2548 ’

250 2668 334 2745 'tam
360 2672 526 2763 haberet,
556 2699 726 2772 eumque,
754 2683 795 2746 ut
821 2674 942 2747 virum
970 2671 1100 2747 studiis
1118 2671 1163 2746 ‘et
1187 2671 1387 2746 honoribus
1421 2673 1572 2765 ciarum,

257 2808 357 2881 filiae
376 2834 462 2884 suae
483 2810 647 2909 apprime
666 2819 853 2908 acceptum
881 2834 957 2883 esse
975 2809 1128 2901 videret,
1156 2808 1338 2908 postulato
1360 2807 1438 2920 eius
1455 2807 1573 2883 liben-

254 2952 310 3017 ter
336 2943 455 3018 eessit.
508 2943 562 3017 Ita
588 2943 825 3036 Bersmanus,
866 2953 979 3020 aetate
1007 2947 1079 3019 iam
1106 2943 1152 3016 ad
1180 2940 1318 3015 annum
1342 2935 1576 3017 'tricesimum

254 3081 449 3178 septimum
470 3089 675 3179 provectuS,
704 3105 873 3178 sponsam
894 3105 996 3154 suam
1011 3075 1275 3178 Magdalenam,
1297 3077 1467 3152 floridam
1488 3103 1576 3153 sane

253 3241 295 3287 ae
327 3224 506 3307 teneram,
547 3241 640 3289 anno
673 3213 885 3288 MDLXXV
919 3217 956 3290 in
990 3215 1263 3289 matrimonium
1296 3214 1402 3287 duxit
1434 3216 1575 3314 nuptiis

254 3351 312 3425 die
332 3352 486 3450 septimo
513 3351 647 3426 mensis
668 3349 856 3426 Februarii
884 3377 956 3425 non
983 3351 1061 3425 sine
1081 3349 1177 3423 laeta
1202 3350 1405 3423 multorum
1430 3373 1573 3424 eorum-

256 3511 325 3584 que
341 3487 563 3585 optimorum
588 3488 830 3587 gratulatione
858 3486 1065 3577 celebratis,
1093 3482 1217 3559 addito
1237 3483 1346 3558 etiam
1372 3485 1417 3558 ab
1444 3485 1575 3560 amicis

251 3621 321 3696 hoe
347 3621 443 3695 bono
472 3624 609 3697 omine:

131 3911 139 3944 a
460 3878 619 3945 Nascatur
641 3881 750 3946 similis
775 3879 1003 3946 Bersmanuius
1027 3899 1082 3943 ore
1105 3880 1231 3964 parenti

79 4046 84 4065 ,
142 4052 149 4088 Ι.
320 4057 337 4085 Α
384 3993 386 3998 ’
504 3995 634 4084 Ingenii
656 3997 759 4064 clarus
783 3997 972 4065 dexteritate
995 4019 1087 4085 puer.

61 4099 67 4109 ¹
123 4091 165 4194 Ji,
183 4059 227 4246 sp
242 4051 358 4177 [M
457 4114 615 4181 Nascatur
637 4135 743 4182 earam
763 4115 909 4182 referens
933 4115 992 4183 Ma
1016 4115 1165 4182 daienula
1187 4123 1321 4182 matrem

488 4230 547 4296 *Et
568 4231 705 4300 formam
727 4243 761 4302 et
781 4257 901 4311 mores,
924 4233 1165 4322 femineumque
1188 4234 1328 4317 decus.*)

261 4433 569 4450 m...-

314 4572 343 4634 *)
368 4575 397 4624 in
421 4575 503 4639 primo
527 4581 596 4627 tomo
620 4578 766 4642 poematum
786 4579 923 4632 Bersmaui
950 4585 1039 4634 decem
1065 4584 1190 4646 teguntur
1213 4582 1343 4642 earmina,
1373 4581 1468 4645 nuptiis
1499 4583 1576 4632 iilius

252 4660 415 4712 celebrandis
439 4672 455 4709 ι
476 4664 708 4725 praestantissimis
732 4665 795 4715 viris
821 4663 933 4727 (niano
958 4669 1064 4728 Sibero,
1089 4667 1211 4724 Miehsdic
1234 4667 1326 4732 Barth,
1350 4665 1445 4718 Ioanne
1462 4665 1576 4718 Posthie

142 4734 146 4743 “
250 4752 276 4795 et
302 4745 376 4808 aliis)
400 4748 557 4815 composita,
584 4761 598 4796 e
622 4749 714 4812 quibus
740 4761 787 4818 es,
813 4765 880 4815 quse
908 4755 940 4806 de
966 4755 1133 4819 iiegdaleme
1157 4756 1307 4820 honestate,
1330 4753 1523 4817 pulchritudine
1550 4759 1578 4802 et

251 4837 338 4886 aetate
356 4835 467 4894 florente
485 4845 564 4902 supra
582 4835 648 4902 dixi,
670 4837 804 4902 depromta
823 4843 889 4892 sunt.
