3242 5356
140 1096 352 1177 FLORES
384 1077 624 1182 ALIQUOT
655 1087 686 1162 E
712 1071 991 1162 BERSMANI
1021 1083 1359 1165 GARMPNIBUS

614 1219 896 1296 EXCERPTI.
980 1243 984 1252 ·

264 1485 295 1552 Ο
319 1487 455 1552 nimium
478 1480 566 1552 felix,
590 1499 608 1540 0
632 1484 747 1560 terque
771 1482 948 1558 quaterque
971 1469 1100 1547 beatus,

303 1601 370 1685 Qui
390 1619 540 1666 reverens
563 1595 677 1660 merito
699 1613 821 1656 numen
843 1590 966 1654 honore
989 1589 1080 1664 colit,

266 1719 397 1805 Quique
420 1715 484 1782 Dei
506 1715 594 1800 leges
617 1711 795 1796 amplexus,
817 1717 950 1795 pectore
972 1715 1041 1772 tote

305 1837 371 1903 Hes
396 1811 491 1906 emet,
514 1832 569 1895 has
592 1832 674 1894 vitae
696 1826 815 1915 gaudia
837 1824 905 1889 sola
926 1835 1028 1890 vocat.

266 2083 316 2148 Tu
338 2101 447 2146 rerum
473 2068 692 2160 quodeunque
716 2073 811 2157 geris,
836 2019 987 2217 commiss
1011 2081 1178 2156 supremo,
1276 2000 1296 2240 l
1323 1991 1403 2142 'a‘

350 2195 469 2264 Omnie
492 2195 548 2278 qui
569 2189 663 2266 feeit,
685 2187 770 2252 funin
790 2189 941 2273 regitque
965 2184 1065 2250 De0.'

270 2321 351 2386 Eius
374 2314 414 2381 nb
436 2311 568 2377 arbitrio
590 2310 641 2372 vie
663 2314 725 2370 stet
746 2315 817 2375 tue,
838 2325 968 2388 resque,
991 2301 1186 2390 domusque:

350 2434 479 2518 Diriget
499 2428 553 2493 ille
576 2437 681 2496 tuem,
703 2443 842 2505 remque
863 2419 1061 2504 domumque
1084 2429 1182 2486 tuem

684 2555 838 2592 .—‡'

273 2681 348 2746 Lux
369 2677 459 2742 iustis
483 2674 596 2741 oritur,
619 2687 692 2732 eum
716 2685 780 2727 nox
803 2661 908 2728 terrae
931 2663 1063 2728 innubat
1085 2671 1162 2728 stru.

685 2821 836 2833 um-

267 2921 413 3007 Vespere
435 2919 498 2980 iem
520 2913 616 2982 venit,
640 2929 680 2972 ns
704 2929 762 2971 nos
786 2927 804 2971 0
827 2903 970 2979 Christe,
992 2903 1166 2990 relinquas,

309 3037 414 3103 Tuam
435 3032 594 3116 benignus
618 3024 799 3110 lampadem
823 3021 879 3085 sed
901 3022 1080 3109 praeferas,
1175 3035 1178 3040 “

268 3159 310 3224 In
333 3153 472 3221 salebras
494 3153 593 3213 noctu
616 3164 736 3214 enecas,
760 3162 801 3204 ne
823 3139 937 3206 frende
961 3143 1099 3215 viarum,

315 3273 496 3352 Fossnsque
520 3264 629 3329 devios
649 3259 750 3345 pedes
775 3279 865 3322 error
885 3258 978 3324 ferat.

316 3515 380 3584 Cui
402 3511 492 3578 Deus
514 3508 650 3572 immuni
673 3505 728 3567 det
750 3504 898 3568 libertate
919 3505 1033 3586 potiri,

399 3628 473 3695 Non
497 3634 588 3710 optet
614 3645 705 3688 servo
728 3619 865 3686 subdere
889 3621 972 3684 nolle
993 3621 1080 3707 iugo.

692 3776 846 3790 ..m

320 3877 373 3942 Nil
395 3873 519 3940 homini
541 3877 655 3934 nutura
678 3865 778 3938 dedit,
803 3861 890 3947 quod
914 3859 1009 3926 duret
1030 3862 1064 3923 in
1086 3883 1213 3932 sevum,

400 3991 574 4078 Ingenium
596 3986 701 4059 tolles,
724 3984 833 4049 omnin
854 3981 966 4044 mortis
991 3987 1093 4042 erunt.

693 4141 845 4154 -.....---.

321 4237 404 4306 Sunt
426 4234 532 4300 nullee
558 4233 618 4319 nisi
641 4231 756 4294 mentis
780 4245 869 4312 opes,
895 4244 972 4306 quus
996 4219 1104 4284 dicere
1126 4241 1199 4284 vere

403 4353 550 4423 Divitias,
575 4348 644 4413 eliis
667 4355 806 4430 anteque
827 4341 913 4406 ferre
938 4358 1046 4424 queas.

280 4601 373 4686 Quae
397 4597 563 4664 Christum
586 4593 689 4657 nescit
711 4589 867 4659 doctrine,
890 4592 927 4648 ut
948 4581 1076 4646 culmen
1099 4576 1235 4668 Olympi
1324 4555 1328 4570 ⁴

363 4717 493 4804 Ingenii
515 4719 648 4802 superet
670 4707 824 4777 eulmine,
849 4704 970 4768 crimen
992 4694 1099 4762 hebet.

698 4861 851 4876 ...mu-u·—

1176 4900 1231 4976 52
