3328 5348
727 313 772 386 23

94 587 291 662 doctrinam
317 593 362 661 et
380 587 655 685 experientiam,
687 589 823 665 vellem
849 597 892 660 ut
917 587 1100 686 singulare
1127 587 1276 688 aliquod
1303 615 1404 691 argu·
1476 636 1481 652 ι

91 731 252 798 mentum
283 721 435 822 eligeres
464 731 528 795 tuo
555 723 698 823 ingenio
726 723 890 822 dignum,
925 721 1062 820 inquo
1094 723 1256 821 quotidie
1283 724 1403 801 elabo-

90 834 199 949 rares,
232 854 343 955 idque
369 856 536 956 eligeres,
570 857 669 956 quod
693 856 763 931 tibi
790 856 964 956 placeret,
998 881 1062 930 seu
1088 858 1226 932 morale
1253 860 1405 959 aliquod

88 1015 149 1066 seu
174 991 399 1065 historicum.
440 987 478 1064 Si
506 1015 565 1065 me
591 991 792 1083 audiveris,
819 1016 893 1064 non
917 1001 954 1063 te
981 991 1183 1089 poenitebit
1202 1002 1239 1066 et
1257 994 1404 1068 laurum

86 1125 304 1202 merebere.“
356 1123 436 1216 Quo
469 1125 685 1199 fidelissimo
719 1137 756 1200 et
787 1126 1034 1199 amantissimo
1067 1130 1201 1201 veteris
1236 1152 1402 1229 praecep·

88 1260 174 1334 toris
206 1260 359 1335 consilio
391 1260 480 1335 licet
512 1260 579 1334 ille
609 1269 831 1351 moveretur,
872 1260 1059 1334 immorari
1085 1269 1207 1334 tamen
1237 1264 1276 1336 in
1303 1286 1402 1363 prae·

87 1395 178 1468 senti
218 1418 292 1468 non
323 1395 456 1493 potuit,
496 1394 629 1494 quippe
668 1395 730 1493 qui
764 1395 888 1493 paucis
926 1392 1113 1470 mensibus
1150 1396 1346 1473 interiectis
1384 1424 1403 1474 e

83 1527 170 1603 ludo
198 1526 365 1604 Portensi
392 1531 430 1603 in
455 1528 624 1604 latiorem
650 1554 818 1628 campum
846 1525 1108 1625 avocaretur.*)

688 2045 791 2167 ΧΙ.

153 2404 154 2415 ,
178 2325 214 2402 N
215 2352 276 2437 am
297 2327 344 2404 ob
361 2324 612 2400 felicissimam
632 2326 670 2399 in
697 2326 766 2400 illo
785 2325 876 2400 ludo
897 2329 1106 2426 praestitam
1126 2280 1274 2427 operam
1295 2326 1399 2403 Bers-

79 2485 207 2537 manus
248 2487 342 2536 anno
376 2457 586 2534 MDLXIIX
621 2458 840 2535 Professoris
879 2461 1133 2560 philosophiae
1171 2487 1322 2537 munere
1361 2465 1400 2536 in
1491 2563 1494 2570 .

80 2596 263 2672 academia
285 2592 539 2694 Vitebergensi
567 2604 714 2670 ornatus
741 2605 810 2686 est,
838 2594 884 2668 ad
912 2619 1021 2693 quam
1047 2598 1273 2695 provinciam
1299 2599 1399 2671 omni
1421 2641 1422 2652 κ

78 2732 185 2806 modo
212 2739 360 2830 paratus
387 2730 545 2804 accessit.
600 2727 722 2822 Quum
750 2729 847 2802 enim
874 2731 1018 2827 ingenio
1048 2731 1115 2804 tali
1142 2739 1249 2826 esset,
1291 2732 1399 2831 quale

79 2862 181 2940 Plato
215 2866 256 2941 in
289 2864 509 2965 philosopho
540 2865 709 2963 requirit,
750 2864 914 2939 discendi
947 2865 1197 2965 cupidissimo,
1237 2867 1399 2940 veritatis

79 3001 326 3075 amantissimo
366 3011 403 3075 et
440 2997 579 3072 laboris
617 2999 897 3098 patientissimo,
944 2999 1215 3098 philosophicas
1255 3007 1417 3100 quoque'

78 3133 308 3234 disciplinas,
338 3131 482 3233 Lipsiae
507 3134 582 3207 iam
608 3132 804 3233 diligenter
828 3142 1012 3226 tractatas,
1039 3135 1079 3208 in
1103 3132 1212 3208 Italia
1236 3161 1257 3208 a
1283 3134 1396 3209 subti-

77 3267 228 3344 lissimis
262 3268 462 3344 dialecticis
495 3266 547 3341 ita
579 3267 772 3359 didicerat,
813 3278 855 3343 ut
888 3294 972 3343 oum
1003 3269 1114 3344 laude
1152 3293 1212 3344 eas
1249 3268 1397 3368 publice

77 3401 206 3478 docere
240 3413 276 3477 et
308 3401 471 3503 profiteri
504 3411 624 3500 posset
656 3426 790 3477 omnes.
848 3401 1075 3478 Tradebatur
1111 3413 1190 3477 turn
1221 3406 1396 3504 temporis

77 3537 310 3636 philosophia
335 3535 566 3627 Aristotelea,
595 3561 705 3635 quam
731 3538 992 3612 consuetudine
1019 3546 1199 3636 receptam
1226 3545 1262 3610 et
1286 3534 1394 3612 Italo·

78 3695 158 3746 rum
197 3696 315 3772 nuper
354 3671 543 3770 diligentia
582 3697 603 3742 a
641 3671 811 3745 sordibus
851 3667 1157 3746 Scholasticorum
1195 3681 1394 3772 purgatam,

77 3803 290 3907 Evangelioi
330 3829 475 3904 quoque
514 3802 586 3877 sibi
626 3805 916 3879 commendatam
958 3805 1145 3880 habebant
1183 3809 1394 3881 auctoritate

75 3942 305 4038 potissimum
322 3937 615 4013 Melanohthonis
642 3940 819 4036 persuasi,
847 3941 926 4037 qui,
954 3964 1175 4038 quamquam
1194 3939 1240 4014 ab
1254 3939 1391 4018 Aristo·

75 4075 157 4149 telis
190 4074 369 4152 sententia
396 4072 442 4148 de
467 4074 556 4163 fato,
599 4072 644 4146 de
670 4073 879 4148 aeternitate
912 4074 1057 4167 mundi,
1098 4074 1143 4148 de
1169 4076 1392 4150 mortalitate

85 4310 395 4328 m*

141 4463 172 4529 *)
190 4464 230 4514 Ad
248 4477 304 4516 eam
323 4466 501 4516 avocationem
521 4463 589 4514 haud
607 4461 685 4511 dubie
703 4467 803 4524 spectat
820 4463 868 4515 hoc
887 4461 986 4514 Boram.
1005 4473 1126 4515 carmen:

372 4549 421 4601 Nos
438 4550 497 4598 hlno
514 4548 568 4598 fata
586 4551 694 4614 rorant,
712 4545 791 4598 Pueri
807 4561 865 4599 men
882 4561 946 4598 cura
965 4551 1059 4616 valete,

419 4634 547 4684 Aonidum
565 4633 640 4696 pueri
658 4632 734 4682 turha
751 4635 836 4686 dlcnta
855 4636 946 4684 sacris.

371 4720 412 4770 tre
429 4719 516 4787 lubet,
537 4720 660 4779 quonlam
677 4718 716 4767 tra
732 4718 805 4768 iubat
821 4721 891 4769 Dana
909 4719 1007 4769 arbiter
1025 4719 1105 4780 orbis,

419 4804 467 4855 ltle
485 4810 560 4868 regat
576 4810 680 4858 nostras
699 4805 802 4866 duxque
819 4816 958 4866 comesque
976 4806 1041 4856 vias.
