3328 5348
724 331 769 410 11

94 605 261 686 Attamen
295 609 334 684 in
366 607 532 686 moribus
563 610 641 687 eius
679 610 751 688 hoc
788 610 904 711 aliqui
943 607 1273 710 reprehendebant,
1314 607 1413 712 quod

94 752 218 818 natura
250 753 344 820 esset
374 745 625 821 vehementior
650 746 756 840 adeo,
794 755 837 821 ut
869 746 1085 822 irasceretur
1110 746 1270 848 gravita
1296 753 1333 821 et
1357 745 1411 822 in·

91 879 233 956 tardum
263 907 285 954 a
310 878 433 956 verbis
459 880 599 956 acerbis
625 907 699 956 non
726 879 932 957 abstineret.
985 877 1067 981 lpse
1092 879 1132 955 in
1153 905 1193 956 se
1217 880 1411 960 vehemen-

91 1017 177 1091 tiam
216 1015 329 1090 husae
369 1025 405 1090 et
442 1015 606 1090 animum
645 1016 866 1092 irritabilem
903 1017 1059 1116 ingenue
1098 1015 1308 1110 confitetur,
1347 1015 1414 1096 sed

90 1151 167 1226 tom
191 1150 369 1244 maxime,
403 1175 517 1250 quum
544 1161 609 1227 aut
628 1152 781 1228 honesta
801 1149 1012 1242 detrectari,
1039 1159 1102 1224 aut
1120 1152 1244 1252 turpia
1264 1149 1412 1228 defendi

89 1285 324 1386 intelligeret,
355 1311 475 1387 neque
500 1311 676 1388 umquam
701 1288 769 1379 ita,
795 1296 838 1361 ut
863 1310 937 1360 non
957 1283 1099 1384 judicio
1120 1286 1185 1360 sed
1207 1285 1413 1388 petulantia

88 1422 189 1514 ferri,
231 1445 324 1500 neve
356 1445 422 1521 pro
455 1422 589 1522 pietate
628 1420 804 1497 adversus
838 1422 1063 1522 impietatem
1095 1419 1204 1496 dictis
1235 1421 1412 1522 factisque

88 1579 246 1658 pugnare
285 1555 481 1632 videretur.
542 1553 649 1648 Quod
682 1581 767 1632 cum
799 1557 850 1632 ita
881 1581 920 1633 se
958 1553 1111 1632 haberet
1150 1565 1187 1634 et
1218 1554 1411 1634 Bersmani

88 1693 274 1794 integritas
304 1698 414 1792 atque
439 1691 549 1786 fides,
583 1715 657 1766 non
683 1691 855 1767 simulata
887 1691 1038 1792 quidem
1062 1699 1234 1792 utraque,
1268 1693 1412 1794 cognita

88 1838 195 1920 essct,
225 1827 294 1902 ille
313 1827 361 1902 ob
384 1828 542 1902 nimium
567 1827 681 1902 animi
707 1826 877 1901 ardorem
902 1825 1020 1900 nihilo
1045 1827 1170 1902 minus
1196 1826 1336 1928 placuit
1354 1827 1410 1920 iis,

88 1987 246 2064 quorum
271 1963 310 2037 in
341 1963 473 2037 animis
499 1963 565 2038 alti
591 1961 736 2062 aliquid
762 1961 878 2037 inerat
911 1969 949 2036 ct
978 1962 1138 2037 honesti:
1172 1963 1247 2037 imo
1280 1984 1412 2040 nervos

86 2098 233 2175 virtutis
259 2098 399 2198 potius,
439 2121 549 2196 quam
580 2097 715 2173 vitium
741 2121 820 2172 esse
846 2096 952 2171 illam
978 2097 1248 2173 vehementiam
1274 2095 1410 2173 iudica·

85 2232 172 2308 bant
204 2232 333 2324 multi,
373 2241 553 2308 annuente
590 2233 672 2308 viro
703 2232 935 2333 gravissimo,
974 2229 1157 2308 Ioochimo
1192 2227 1411 2324 camerario,

86 2369 188 2444 coitus
223 2391 377 2467 aequam
413 2365 460 2442 de
498 2391 537 2442 se
570 2368 779 2467 opinionem
818 2365 1053 2450 Bersmanus,
1078 2367 1305 2469 consignavit
1340 2367 1412 2444 hoc

85 2499 333 2598 testimonio*)
358 2500 434 2597 „Et
459 2501 605 2578 amabat
630 2503 698 2578 ille
724 2500 767 2601 (1.
788 2497 1032 2599 Camerarius)
1060 2503 1249 2603 ingenium
1274 2527 1410 2596 meum,

86 2640 183 2740 quod
211 2638 279 2755 alii
305 2647 454 2740 propter
480 2638 750 2714 vehementiam
768 2636 980 2739 carpebant,
994 2645 1044 2717 ¹et
1063 2611 1183 2754 fdetus
1209 2636 1315 2714 illius
1336 2663 1410 2716 non

84 2766 229 2875 improli
268 2829 276 2846 .
329 2772 384 2850 Ac
410 2774 562 2849 memini
588 2797 653 2874 ego
682 2774 803 2873 ipsum
834 2774 966 2850 deme
992 2774 1160 2874 usurpari
1192 2772 1290 2850 illud
1315 2771 1409 2852 fihe-

84 2909 262 2986 mistoclis
296 2909 449 3002 dictum,
491 2908 591 3008 quod
622 2906 781 2984 relatum
815 2918 869 2984 est
901 2933 924 2983 a
955 2908 1171 2984 Plutarcho:
1213 2933 1260 2984 ex
1292 2909 1409 3012 pullis

83 3044 318 3122 ferocissimis
349 3045 505 3144 optimos
531 3043 686 3120 evadere
714 3068 840 3144 equos,
873 3045 905 3118 si
937 3052 1035 3120 recte
1062 3039 1263 3120 educentur
1293 3053 1331 3120 et
1355 3047 1408 3120 in·

83 3173 349 3274 situantur.**)
401 3177 505 3282 Etsi
532 3179 623 3280 quid
648 3189 835 3279 praeterea
859 3181 899 3256 in
928 3203 988 3254 me
1014 3179 1284 3256 malevolorum
1309 3190 1409 3256 nota·

82 3316 144 3390 bat
170 3313 364 3406 acerbitas,
404 3323 511 3416 atque
538 3313 812 3390 obtrectationis
844 3315 1029 3391 calumnia
1066 3315 1157 3414 (qua
1172 3289 1304 3392 'nescio
1336 3340 1409 3418 quo

82 3452 155 3526 fato
183 3451 250 3528 vix
275 3451 315 3524 in
339 3449 462 3526 lucem
490 3449 610 3523 editos
634 3448 819 3545 laborovi)
852 3449 892 3526 id
917 3451 969 3524 ita
995 3447 1205 3542 excusabat,
1245 3458 1288 3525 ut
1313 3460 1407 3527 oeta·

83 3596 157 3662 tem
184 3586 335 3677 diceret,
370 3583 544 3685 quicquid
574 3582 614 3659 id
646 3594 753 3679 esset,
787 3585 1062 3661 detrituram.“¹
1090 3579 1163 3660 Sed
1195 3585 1285 3687 quid
1316 3611 1410 3688 opus

83 3722 137 3798 est
161 3719 301 3813 verbis,
330 3744 445 3820 quum
472 3717 571 3794 idam
597 3720 657 3795 vir
683 3720 949 3814 nobilissimus,
976 3743 1087 3820 quam
1113 3717 1207 3796 bene
1234 3719 1280 3796 de
1305 3718 1408 3799 Bers-

82 3856 182 3932 mani
210 3854 376 3931 moribus
403 3853 643 3948 existimaret,
675 3879 718 3930 ca
743 3857 822 3956 ipsa
847 3880 887 3932 re
913 3853 1137 3958 probaverit,
1172 3854 1271 3957 quod
1297 3855 1409 3935 illurn

82 3991 242 4069 libenter
280 3991 319 4066 in
355 3989 535 4065 familiam
568 4013 674 4065 suam
710 3989 866 4067 adscivit
897 3999 934 4067 et
970 4015 1044 4066 non
1081 3990 1205 4068 solum
1242 3991 1408 4070 filiorum

82 4151 250 4220 suorum,
278 4125 342 4200 sed
363 4125 472 4202 etiam
492 4147 558 4200 sua
578 4123 730 4227 dignum
750 4124 928 4204 iudicavit
956 4127 1126 4204 amicitia.
1166 4125 1408 4206 Transeamus

82 4287 167 4365 ergo
195 4261 244 4336 ad
267 4260 350 4336 alia.

150 4556 181 4620 ⁸)
199 4573 224 4609 v.
243 4559 395 4625 epistolam,
414 4567 465 4620 qua
484 4555 599 4622 prlcrem
617 4553 764 4621 poenam
782 4557 883 4621 partein
901 4553 1034 4608 ll’csthlo
1052 4555 1191 4609 deuenit.

134 4643 182 4707 W)
201 4643 363 4697 ul’loturchi
373 4643 574 4696 Themistoclem
591 4653 648 4706 cap.
660 4641 698 4692 11:
715 4631 782 4694 toric
798 4633 998 4702 τραχυτάτους
1014 4633 1130 4698 πώλους
1147 4633 1284 4707 spurcae
1300 4631 1408 4696 innova

82 4721 237 4794 γενέσθαι,
254 4723 325 4776 ὅταν
339 4715 377 4793 ἧς
389 4721 527 4794 προσήκοι
539 4715 643 4788 τύχωσι
656 4715 789 4779 caldelas
797 4718 854 4788 psai
869 4717 1074 4790 καταρτύσεως.
