3328 5348
765 293 809 368 21

124 580 164 644 te
192 571 337 672 dignae:
363 571 431 648 sed·
452 571 587 648 suadeo
612 573 785 661 isthioin
810 574 894 650 luce
919 597 1080 666 maneas,
1111 573 1225 648 donec
1250 599 1289 650 se
1315 573 1441 648 offerat

121 706 189 784 vel
215 708 354 784 occasio
381 707 443 781 vel
469 716 626 805 potestas
651 706 719 784 tibi
746 707 994 784 consulendi.“
1348 699 1350 702 ’

741 1240 897 1404 xj

227 1578 345 1671 Quem
377 1603 463 1653 vero
495 1554 671 1656 honorem
705 1593 912 1683 exspectare
943 1583 1008 1659 ubi
1041 1585 1163 1659 visum
1195 1590 1249 1656 est
1279 1581 1440 1680 longum,

123 1741 221 1790 anno
261 1722 404 1814 postero
448 1713 613 1789 oblatum
652 1717 812 1816 collegae
851 1743 985 1793 munus
1029 1719 1068 1792 in
1113 1717 1237 1793 schola
1198 1713 1441 1790 lPortensi
1452 1693 1657 1861 fdm
1582 1702 1622 1768 Ἀ

122 1849 254 1941 subiit,
288 1846 463 1923 Inachimi
490 1844 687 1924 Camerarii
715 1853 866 1926 consilio
899 1852 1167 1952 obtemperans,
1202 1848 1441 1949 quiquidem

122 1983 285 2084 scripsit:
320 1981 445 2074 „In
417 2007 520 2082 s1guo
552 1984 744 2059 literarum
777 1997 924 2067 tuamm
957 1986 1198 2062 animadverti
1231 2007 1442 2083 expressum
1466 1909 1640 2116 bellai?

120 2113 245 2192 τύπον
262 2110 416 2212 οἷοτὲρος
431 2111 662 2212 pastinacae.
700 2118 780 2195 Hoc
799 2131 835 2195 10
861 2123 1033 2196 sumsisse
1059 2119 1236 2196 credibile
1262 2126 1317 2192 est
1335 2140 1441 2216 prop·

122 2265 182 2330 ter
215 2252 330 2346 illius⁸
354 2251 629 2326 collocationem
660 2255 699 2327 10
731 2256 891 2331 themate
917 2257 1144 2356 genethliaco
1177 2264 1241 2328 tuo
1272 2260 1441 2351 opportu-

122 2417 221 2464 nam.
273 2383 490 2460 Decernitur
516 2385 628 2485 igitur
653 2389 722 2462 tibi
749 2391 923 2491 splendor
950 2401 985 2466 et
1012 2391 1182 2490 dignitas,
1215 2389 1319 2463 cuius
1345 2377 1441 2461 scili·

123 2533 183 2602 cet
212 2531 357 2620 tempus
390 2531 444 2594 est
476 2523 770 2618 exspectandum.
824 2522 930 2617 Quod
961 2527 993 2598 si
1026 2524 1125 2599 istud
1155 2526 1307 2597 fortasse
1334 2522 1442 2596 decus

122 2671 161 2736 et
186 2659 277 2733 haec
301 2657 383 2730 laus
410 2655 456 2729 ad
482 2655 737 2732 scholasticam
761 2654 1003 2756 προφάνειαν
1027 2655 1100 2732 ὑπὸ
1121 2657 1193 2730 τοῦ
1219 2655 1443 2742 στίλβοντος

123 2795 229 2895 quasi
257 2790 421 2883 eliditur,
461 2815 507 2863 ne
532 2791 602 2865 hoc
628 2793 778 2889 quidem
808 2802 1031 2869 contemnes:
1071 2789 1120 2866 οὐ
1151 2793 1224 2886 γάρ
1252 2783 1442 2879 ἀπόβλητ’

122 2933 203 3002 ἐστὶ
232 2923 334 2998 θεῶν
363 2917 546 3022 ἐρικυδέα
576 2918 711 3020 δώοοε.Ι
744 2925 872 3025 Neque
903 2936 945 3002 tu
977 2929 1099 3003 minus
1137 2927 1296 3026 conspici
1333 2933 1442 3023 atque

122 3065 285 3139 eminere
311 3060 551 3134 eruditionem
570 3068 672 3134 tuam
698 3061 806 3135 isthic
826 3063 1024 3156 existimes,
1052 3089 1160 3162 quarn
1179 3063 1240 3136 hic
1267 3055 1441 3158 (Lipsiae)

121 3208 188 3274 aut
213 3195 398 3271 similibus
425 3194 507 3267 aliis
542 3194 896 3292 congregationibus,
931 3223 1014 3272 cum
1044 3198 1157 3273 vestri
1184 3219 1328 3295 quoque
1358 3191 1441 3266 ludi

121 3333 272 3406 nomine
299 3329 465 3403 adiuvari
487 3328 617 3426 possis,
645 3353 754 3427 quem
779 3331 850 3404 0010
872 3332 981 3406 111010
1002 3333 1241 3408 illustrissimi
1262 3327 1440 3404 celebrari

121 3467 281 3542 solere.“
333 3461 459 3562 Neque
496 3461 630 3536 fefellit
666 3489 707 3537 ea
744 3468 922 3540 sententia
952 3467 1076 3541 virum
1114 3467 1307 3566 egregium.
1360 3459 1440 3534 Etsi

123 3603 224 3676 enim
257 3599 296 3673 iu
327 3599 481 3698 pulvere
514 3597 729 3672 scholastico
763 3601 900 3674 versari
933 3601 1042 3700 inque
1079 3625 1120 3676 eo
1152 3601 1282 3675 florem
1314 3596 1440 3672 0010110

123 3758 337 3812 consumere
369 3757 454 3806 sane
486 3709 683 3808 molestum
715 3745 769 3809 est
799 3744 835 3809 01
867 3737 1023 3834 speciem
1053 3759 1139 3834 prae
1171 3761 1210 3808 se
1238 3735 1309 3807 fert
1338 3729 1438 3804 haud

125 3874 177 3946 ita
201 3863 481 3969 magnificam,*)
508 3876 629 3943 100100
652 3877 743 3944 10010
769 3871 981 3969 gravissimo
1002 3864 1236 3965 Cicerone**)
1264 3867 1438 3960 „nullum
1495 3859 1499 3868 ’

123 4029 260 4082 munus
291 4003 424 4077 melius
457 4003 621 4078 maiusve
653 3987 879 4104 reipublicae
909 4004 1050 4078 adferre
1082 4029 1287 4104 possumus,
1328 4027 1437 4100 quam

124 4141 156 4214 si
191 4140 383 4214 doceamus
416 4139 655 4230 iuventutem,
696 4139 742 4213 iis
768 4139 979 4237 praesertim
1008 4139 1173 4228 moribus
1206 4147 1242 4212 et
1266 4136 1435 4236 tempori-

356 4429 385 4491 *)
403 4431 492 4482 Gratia
508 4441 582 4496 rara,
601 4433 676 4483 labor
693 4436 795 4499 certus,
813 4432 997 4495 compulsare
1015 4391 1136 4527 placator,
1417 4429 1445 4560 Ι

469 4514 588 4568 Praemia
605 4521 667 4568 sunt
683 4519 758 4568 hulos
775 4521 848 4568 cena
865 4517 1019 4580 magisterli.
1078 4574 1081 4581 ¹

122 4605 162 4654 lta
181 4603 339 4653 Bersmanns
356 4603 412 4666 lpse
431 4603 601 4654 exclamatio
619 4603 732 4653 caruitne
750 4602 1012 4668 011100011001010,
1031 4601 1167 4652 docentem
1185 4604 1211 4652 10
1228 4603 1289 4654 lodo
1307 4601 1435 4666 Portenst

121 4691 230 4753 scripto.

98 4831 100 4837 s
174 4787 220 4850 **)
238 4789 265 4838 10
282 4787 349 4838 11100
367 4790 399 4838 de
417 4787 575 4856 (110100110οε
592 4786 623 4838 11.
641 4789 666 4840 2.

1437 4497 1482 4664 p
1515 4430 1586 4604 11
