<?xml version="1.0" encoding="UTF-8"?>
<!DOCTYPE html PUBLIC "-//W3C//DTD XHTML 1.0 Transitional//EN"
    "http://www.w3.org/TR/xhtml1/DTD/xhtml1-transitional.dtd">
<html xmlns="http://www.w3.org/1999/xhtml" xml:lang="en" lang="en">
 <head>
  <title>
</title>
<meta http-equiv="Content-Type" content="text/html;charset=utf-8" />
  <meta name='ocr-system' content='tesseract 3.04.00' />
  <meta name='ocr-capabilities' content='ocr_page ocr_carea ocr_par ocr_line ocrx_word'/>
</head>
<body>
  <div class='ocr_page' id='page_1' title='image "./degregoriobersm00schugoog_0022.png"; bbox 0 0 3328 5348; ppageno 0'>
   <div class='ocr_carea' id='block_1_1' title="bbox 55 1079 1509 4284">
    <p class='ocr_par' dir='ltr' id='par_1_1' title="bbox 55 1079 1509 4284">
     <span class='ocr_line' id='line_1_1' title="bbox 238 1079 1450 1184; baseline 0 -26"><span class='ocrx_word' id='word_1_1' title='bbox 238 1081 293 1158; x_wconf 90' lang='lat' dir='ltr'><strong>Eo</strong></span> <span class='ocrx_word' id='word_1_2' title='bbox 319 1083 394 1157; x_wconf 92' lang='lat' dir='ltr'><strong>iam</strong></span> <span class='ocrx_word' id='word_1_3' title='bbox 411 1092 590 1183; x_wconf 86' lang='lat' dir='ltr'><strong>tempore,</strong></span> <span class='ocrx_word' id='word_1_4' title='bbox 617 1106 689 1184; x_wconf 92' lang='lat' dir='ltr'><strong>quo</strong></span> <span class='ocrx_word' id='word_1_5' title='bbox 710 1079 929 1158; x_wconf 89' lang='lat' dir='ltr'><strong>Bersmanus</strong></span> <span class='ocrx_word' id='word_1_6' title='bbox 948 1093 1031 1182; x_wconf 88' lang='lat' dir='ltr'><strong>post</strong></span> <span class='ocrx_word' id='word_1_7' title='bbox 1049 1085 1254 1161; x_wconf 83' lang='lat' dir='ltr'><strong>confectum</strong></span> <span class='ocrx_word' id='word_1_8' title='bbox 1273 1084 1312 1158; x_wconf 93' lang='lat' dir='ltr'><strong>in</strong></span> <span class='ocrx_word' id='word_1_9' title='bbox 1325 1084 1450 1158; x_wconf 85' lang='lat' dir='ltr'><strong>schola</strong></span> 
     </span>
     <span class='ocr_line' id='line_1_2' title="bbox 135 1215 1450 1318; baseline -0.002 -24"><span class='ocrx_word' id='word_1_10' title='bbox 135 1217 365 1294; x_wconf 86' lang='lat' dir='ltr'><strong>curriculum</strong></span> <span class='ocrx_word' id='word_1_11' title='bbox 401 1243 548 1296; x_wconf 91' lang='lat' dir='ltr'><strong>cursum</strong></span> <span class='ocrx_word' id='word_1_12' title='bbox 577 1218 626 1294; x_wconf 87' lang='lat' dir='ltr'><strong>ad</strong></span> <span class='ocrx_word' id='word_1_13' title='bbox 659 1215 895 1293; x_wconf 81' lang='lat' dir='ltr'><strong>Academiam</strong></span> <span class='ocrx_word' id='word_1_14' title='bbox 926 1218 1081 1318; x_wconf 88' lang='lat' dir='ltr'><strong>dirigere</strong></span> <span class='ocrx_word' id='word_1_15' title='bbox 1110 1217 1275 1318; x_wconf 91' lang='lat' dir='ltr'><strong>parabat,</strong></span> <span class='ocrx_word' id='word_1_16' title='bbox 1311 1219 1450 1318; x_wconf 91' lang='lat' dir='ltr'><strong>primae</strong></span> 
     </span>
     <span class='ocr_line' id='line_1_3' title="bbox 55 1351 1451 1454; baseline -0.001 -26"><span class='ocrx_word' id='word_1_17' title='bbox 55 1385 58 1390; x_wconf 92' lang='lat'>·</span> <span class='ocrx_word' id='word_1_18' title='bbox 134 1355 177 1428; x_wconf 90' lang='lat' dir='ltr'><strong>in</strong></span> <span class='ocrx_word' id='word_1_19' title='bbox 190 1351 398 1428; x_wconf 88' lang='lat' dir='ltr'><strong>Academiis</strong></span> <span class='ocrx_word' id='word_1_20' title='bbox 417 1363 536 1453; x_wconf 85' lang='lat' dir='ltr'><strong>partes</strong></span> <span class='ocrx_word' id='word_1_21' title='bbox 548 1352 670 1428; x_wconf 85' lang='lat' dir='ltr'><strong>studio</strong></span> <span class='ocrx_word' id='word_1_22' title='bbox 683 1352 887 1453; x_wconf 89' lang='lat' dir='ltr'><strong>theologico</strong></span> <span class='ocrx_word' id='word_1_23' title='bbox 900 1351 1164 1448; x_wconf 82' lang='lat' dir='ltr'><strong>tribuebanurr,</strong></span> <span class='ocrx_word' id='word_1_24' title='bbox 1191 1361 1299 1454; x_wconf 89' lang='lat' dir='ltr'><strong>prout</strong></span> <span class='ocrx_word' id='word_1_25' title='bbox 1310 1352 1451 1428; x_wconf 86' lang='lat' dir='ltr'><strong>ferebat</strong></span> 
     </span>
     <span class='ocr_line' id='line_1_4' title="bbox 134 1487 1450 1580; baseline 0 -18"><span class='ocrx_word' id='word_1_26' title='bbox 134 1489 236 1564; x_wconf 85' lang='lat' dir='ltr'><strong>illud</strong></span> <span class='ocrx_word' id='word_1_27' title='bbox 254 1487 459 1580; x_wconf 86' lang='lat' dir='ltr'><strong>saeculum,</strong></span> <span class='ocrx_word' id='word_1_28' title='bbox 481 1487 528 1563; x_wconf 92' lang='lat' dir='ltr'><strong>ob</strong></span> <span class='ocrx_word' id='word_1_29' title='bbox 541 1487 847 1562; x_wconf 84' lang='lat' dir='ltr'><strong>Reformationem</strong></span> <span class='ocrx_word' id='word_1_30' title='bbox 862 1489 1034 1564; x_wconf 89' lang='lat' dir='ltr'><strong>ecelesiae</strong></span> <span class='ocrx_word' id='word_1_31' title='bbox 1054 1489 1193 1564; x_wconf 89' lang='lat' dir='ltr'><strong>eunctis</strong></span> <span class='ocrx_word' id='word_1_32' title='bbox 1212 1487 1450 1564; x_wconf 80' lang='lat' dir='ltr'>memorabile</span> 
     </span>
     <span class='ocr_line' id='line_1_5' title="bbox 133 1619 1450 1725; baseline -0.001 -28"><span class='ocrx_word' id='word_1_33' title='bbox 133 1623 254 1698; x_wconf 88' lang='lat' dir='ltr'><strong>terris.</strong></span> <span class='ocrx_word' id='word_1_34' title='bbox 295 1619 462 1700; x_wconf 85' lang='lat' dir='ltr'><strong>Secundo</strong></span> <span class='ocrx_word' id='word_1_35' title='bbox 481 1623 631 1723; x_wconf 87' lang='lat' dir='ltr'><strong>quidem</strong></span> <span class='ocrx_word' id='word_1_36' title='bbox 647 1622 729 1698; x_wconf 90' lang='lat' dir='ltr'><strong>loeo</strong></span> <span class='ocrx_word' id='word_1_37' title='bbox 751 1623 899 1725; x_wconf 82' lang='lat' dir='ltr'><strong>antiqua</strong></span> <span class='ocrx_word' id='word_1_38' title='bbox 917 1623 1120 1724; x_wconf 90' lang='lat' dir='ltr'><strong>philologia</strong></span> <span class='ocrx_word' id='word_1_39' title='bbox 1138 1622 1358 1716; x_wconf 81' lang='lat' dir='ltr'><strong>habebatur,</strong></span> <span class='ocrx_word' id='word_1_40' title='bbox 1384 1621 1450 1699; x_wconf 87' lang='lat' dir='ltr'><strong>sed</strong></span> 
     </span>
     <span class='ocr_line' id='line_1_6' title="bbox 133 1752 1448 1858; baseline 0.001 -26"><span class='ocrx_word' id='word_1_41' title='bbox 133 1759 203 1850; x_wconf 89' lang='lat' dir='ltr'><strong>ita,</strong></span> <span class='ocrx_word' id='word_1_42' title='bbox 236 1755 279 1831; x_wconf 89' lang='lat' dir='ltr'><strong>ut</strong></span> <span class='ocrx_word' id='word_1_43' title='bbox 310 1757 476 1840; x_wconf 85' lang='lat' dir='ltr'><strong>eiusdem</strong></span> <span class='ocrx_word' id='word_1_44' title='bbox 506 1758 583 1832; x_wconf 88' lang='lat' dir='ltr'><strong>fere</strong></span> <span class='ocrx_word' id='word_1_45' title='bbox 616 1782 701 1833; x_wconf 87' lang='lat' dir='ltr'><strong>eum</strong></span> <span class='ocrx_word' id='word_1_46' title='bbox 731 1757 916 1857; x_wconf 84' lang='lat' dir='ltr'><strong>theologia</strong></span> <span class='ocrx_word' id='word_1_47' title='bbox 948 1752 1134 1858; x_wconf 85' lang='lat' dir='ltr'><strong>dignitatis</strong></span> <span class='ocrx_word' id='word_1_48' title='bbox 1166 1781 1313 1834; x_wconf 89' lang='lat' dir='ltr'><strong>consors</strong></span> <span class='ocrx_word' id='word_1_49' title='bbox 1345 1767 1448 1851; x_wconf 87' lang='lat' dir='ltr'><strong>esset,</strong></span> 
     </span>
     <span class='ocr_line' id='line_1_7' title="bbox 134 1890 1448 1993; baseline 0.001 -27"><span class='ocrx_word' id='word_1_50' title='bbox 134 1892 247 1992; x_wconf 86' lang='lat' dir='ltr'><strong>idque</strong></span> <span class='ocrx_word' id='word_1_51' title='bbox 266 1916 340 1966; x_wconf 94' lang='lat' dir='ltr'><strong>non</strong></span> <span class='ocrx_word' id='word_1_52' title='bbox 359 1893 553 1968; x_wconf 85' lang='lat' dir='ltr'><strong>immerito.</strong></span> <span class='ocrx_word' id='word_1_53' title='bbox 605 1890 721 1968; x_wconf 89' lang='lat' dir='ltr'><strong>Nemo</strong></span> <span class='ocrx_word' id='word_1_54' title='bbox 740 1892 839 1967; x_wconf 90' lang='lat' dir='ltr'><strong>enim</strong></span> <span class='ocrx_word' id='word_1_55' title='bbox 853 1901 920 1985; x_wconf 87' lang='lat' dir='ltr'><strong>eat,</strong></span> <span class='ocrx_word' id='word_1_56' title='bbox 948 1893 1038 1992; x_wconf 91' lang='lat' dir='ltr'><strong>quin</strong></span> <span class='ocrx_word' id='word_1_57' title='bbox 1054 1893 1193 1987; x_wconf 80' lang='lat' dir='ltr'><strong>videat,</strong></span> <span class='ocrx_word' id='word_1_58' title='bbox 1221 1918 1331 1993; x_wconf 91' lang='lat' dir='ltr'><strong>quam</strong></span> <span class='ocrx_word' id='word_1_59' title='bbox 1350 1902 1448 1967; x_wconf 88' lang='lat' dir='ltr'><strong>arcto</strong></span> 
     </span>
     <span class='ocr_line' id='line_1_8' title="bbox 134 2025 1448 2127; baseline -0.001 -25"><span class='ocrx_word' id='word_1_60' title='bbox 134 2051 221 2102; x_wconf 92' lang='lat' dir='ltr'><strong>eum</strong></span> <span class='ocrx_word' id='word_1_61' title='bbox 245 2025 429 2127; x_wconf 86' lang='lat' dir='ltr'><strong>theologia</strong></span> <span class='ocrx_word' id='word_1_62' title='bbox 453 2025 602 2104; x_wconf 86' lang='lat' dir='ltr'><strong>vinculo</strong></span> <span class='ocrx_word' id='word_1_63' title='bbox 629 2027 893 2126; x_wconf 88' lang='lat' dir='ltr'><strong>coniungantur</strong></span> <span class='ocrx_word' id='word_1_64' title='bbox 912 2027 1145 2127; x_wconf 89' lang='lat' dir='ltr'><strong>antiquarum</strong></span> <span class='ocrx_word' id='word_1_65' title='bbox 1164 2028 1355 2104; x_wconf 88' lang='lat' dir='ltr'><strong>literarum</strong></span> <span class='ocrx_word' id='word_1_66' title='bbox 1373 2037 1448 2102; x_wconf 89' lang='lat' dir='ltr'><strong>stu-</strong></span> 
     </span>
     <span class='ocr_line' id='line_1_9' title="bbox 134 2161 1450 2263; baseline -0.001 -25"><span class='ocrx_word' id='word_1_67' title='bbox 134 2163 211 2254; x_wconf 87' lang='lat' dir='ltr'><strong>dia,</strong></span> <span class='ocrx_word' id='word_1_68' title='bbox 239 2164 375 2262; x_wconf 88' lang='lat' dir='ltr'><strong>quippe</strong></span> <span class='ocrx_word' id='word_1_69' title='bbox 402 2187 493 2263; x_wconf 90' lang='lat' dir='ltr'><strong>quae</strong></span> <span class='ocrx_word' id='word_1_70' title='bbox 512 2187 587 2236; x_wconf 91' lang='lat' dir='ltr'><strong>non</strong></span> <span class='ocrx_word' id='word_1_71' title='bbox 605 2163 716 2237; x_wconf 89' lang='lat' dir='ltr'><strong>modo</strong></span> <span class='ocrx_word' id='word_1_72' title='bbox 737 2162 924 2262; x_wconf 85' lang='lat' dir='ltr'><strong>ingenium</strong></span> <span class='ocrx_word' id='word_1_73' title='bbox 942 2161 990 2236; x_wconf 87' lang='lat' dir='ltr'><strong>ad</strong></span> <span class='ocrx_word' id='word_1_74' title='bbox 1009 2186 1140 2238; x_wconf 80' lang='lat' dir='ltr'><strong>verum</strong></span> <span class='ocrx_word' id='word_1_75' title='bbox 1160 2163 1450 2263; x_wconf 86' lang='lat' dir='ltr'><strong>cognoscendum</strong></span> 
     </span>
     <span class='ocr_line' id='line_1_10' title="bbox 132 2295 1447 2396; baseline -0.002 -24"><span class='ocrx_word' id='word_1_76' title='bbox 132 2295 288 2372; x_wconf 88' lang='lat' dir='ltr'><strong>min&#39;fice</strong></span> <span class='ocrx_word' id='word_1_77' title='bbox 315 2307 526 2373; x_wconf 85' lang='lat' dir='ltr'><strong>excerceant</strong></span> <span class='ocrx_word' id='word_1_78' title='bbox 551 2307 587 2372; x_wconf 90' lang='lat' dir='ltr'><strong>et</strong></span> <span class='ocrx_word' id='word_1_79' title='bbox 614 2297 775 2374; x_wconf 89' lang='lat' dir='ltr'><strong>cuiusvis</strong></span> <span class='ocrx_word' id='word_1_80' title='bbox 800 2295 889 2372; x_wconf 92' lang='lat' dir='ltr'><strong>boni</strong></span> <span class='ocrx_word' id='word_1_81' title='bbox 914 2321 955 2371; x_wconf 92' lang='lat' dir='ltr'><strong>ac</strong></span> <span class='ocrx_word' id='word_1_82' title='bbox 979 2295 1122 2372; x_wconf 79' lang='lat' dir='ltr'><strong>honesti</strong></span> <span class='ocrx_word' id='word_1_83' title='bbox 1143 2296 1324 2372; x_wconf 87' lang='lat' dir='ltr'><strong>desiderio</strong></span> <span class='ocrx_word' id='word_1_84' title='bbox 1343 2298 1447 2396; x_wconf 87' lang='lat' dir='ltr'><strong>quasi</strong></span> 
     </span>
     <span class='ocr_line' id='line_1_11' title="bbox 132 2428 1448 2533; baseline 0.001 -28"><span class='ocrx_word' id='word_1_85' title='bbox 132 2431 311 2532; x_wconf 86' lang='lat' dir='ltr'><strong>religione</strong></span> <span class='ocrx_word' id='word_1_86' title='bbox 343 2431 516 2508; x_wconf 86' lang='lat' dir='ltr'><strong>adliciant</strong></span> <span class='ocrx_word' id='word_1_87' title='bbox 548 2434 704 2523; x_wconf 90' lang='lat' dir='ltr'><strong>animos,</strong></span> <span class='ocrx_word' id='word_1_88' title='bbox 745 2430 810 2506; x_wconf 85' lang='lat' dir='ltr'><strong>sed</strong></span> <span class='ocrx_word' id='word_1_89' title='bbox 847 2431 956 2506; x_wconf 89' lang='lat' dir='ltr'><strong>etiam</strong></span> <span class='ocrx_word' id='word_1_90' title='bbox 993 2430 1041 2505; x_wconf 88' lang='lat' dir='ltr'><strong>ad</strong></span> <span class='ocrx_word' id='word_1_91' title='bbox 1077 2455 1203 2505; x_wconf 90' lang='lat' dir='ltr'><strong>sanam</strong></span> <span class='ocrx_word' id='word_1_92' title='bbox 1240 2428 1448 2533; x_wconf 90' lang='lat' dir='ltr'><strong>Scripturae</strong></span> 
     </span>
     <span class='ocr_line' id='line_1_12' title="bbox 131 2565 1449 2667; baseline 0 -27"><span class='ocrx_word' id='word_1_93' title='bbox 131 2590 255 2642; x_wconf 88' lang='lat' dir='ltr'><strong>sacrae</strong></span> <span class='ocrx_word' id='word_1_94' title='bbox 287 2567 636 2667; x_wconf 81' lang='lat' dir='ltr'><strong>interpretationem,</strong></span> <span class='ocrx_word' id='word_1_95' title='bbox 677 2569 737 2642; x_wconf 91' lang='lat' dir='ltr'><strong>cui</strong></span> <span class='ocrx_word' id='word_1_96' title='bbox 769 2576 845 2641; x_wconf 90' lang='lat' dir='ltr'><strong>tota</strong></span> <span class='ocrx_word' id='word_1_97' title='bbox 877 2565 1062 2665; x_wconf 84' lang='lat' dir='ltr'><strong>theologia</strong></span> <span class='ocrx_word' id='word_1_98' title='bbox 1093 2567 1371 2667; x_wconf 83' lang='lat' dir='ltr'><strong>superstruitur,</strong></span> <span class='ocrx_word' id='word_1_99' title='bbox 1411 2575 1449 2640; x_wconf 85' lang='lat' dir='ltr'><strong>ot</strong></span> 
     </span>
     <span class='ocr_line' id='line_1_13' title="bbox 131 2695 1446 2802; baseline -0.002 -25"><span class='ocrx_word' id='word_1_100' title='bbox 131 2700 346 2778; x_wconf 84' lang='lat' dir='ltr'><strong>facultatem</strong></span> <span class='ocrx_word' id='word_1_101' title='bbox 371 2700 567 2801; x_wconf 88' lang='lat' dir='ltr'><strong>praebeant</strong></span> <span class='ocrx_word' id='word_1_102' title='bbox 594 2712 630 2776; x_wconf 90' lang='lat' dir='ltr'><strong>et</strong></span> <span class='ocrx_word' id='word_1_103' title='bbox 654 2704 854 2778; x_wconf 90' lang='lat' dir='ltr'><strong>materiam.</strong></span> <span class='ocrx_word' id='word_1_104' title='bbox 912 2695 1020 2775; x_wconf 80' lang='lat' dir='ltr'><strong>Certe</strong></span> <span class='ocrx_word' id='word_1_105' title='bbox 1045 2701 1158 2802; x_wconf 86' lang='lat' dir='ltr'><strong>igitur</strong></span> <span class='ocrx_word' id='word_1_106' title='bbox 1197 2726 1272 2775; x_wconf 93' lang='lat' dir='ltr'><strong>non</strong></span> <span class='ocrx_word' id='word_1_107' title='bbox 1309 2699 1446 2801; x_wconf 87' lang='lat' dir='ltr'><strong>absque</strong></span> 
     </span>
     <span class='ocr_line' id='line_1_14' title="bbox 131 2832 1444 2937; baseline 0 -27"><span class='ocrx_word' id='word_1_108' title='bbox 131 2835 309 2935; x_wconf 85' lang='lat' dir='ltr'><strong>singulari</strong></span> <span class='ocrx_word' id='word_1_109' title='bbox 341 2833 411 2911; x_wconf 92' lang='lat' dir='ltr'><strong>Dei</strong></span> <span class='ocrx_word' id='word_1_110' title='bbox 442 2835 618 2913; x_wconf 88' lang='lat' dir='ltr'><strong>beneficio</strong></span> <span class='ocrx_word' id='word_1_111' title='bbox 651 2838 786 2930; x_wconf 88' lang='lat' dir='ltr'><strong>evenit,</strong></span> <span class='ocrx_word' id='word_1_112' title='bbox 819 2844 863 2910; x_wconf 87' lang='lat' dir='ltr'><strong>ut</strong></span> <span class='ocrx_word' id='word_1_113' title='bbox 894 2834 1040 2913; x_wconf 90' lang='lat' dir='ltr'><strong>saeculo</strong></span> <span class='ocrx_word' id='word_1_114' title='bbox 1066 2832 1170 2929; x_wconf 89' lang='lat' dir='ltr'><strong>XIV,</strong></span> <span class='ocrx_word' id='word_1_115' title='bbox 1204 2860 1276 2937; x_wconf 92' lang='lat' dir='ltr'><strong>quo</strong></span> <span class='ocrx_word' id='word_1_116' title='bbox 1310 2836 1444 2912; x_wconf 87' lang='lat' dir='ltr'><strong>densis·</strong></span> 
     </span>
     <span class='ocr_line' id='line_1_15' title="bbox 84 2969 1444 3071; baseline 0 -27"><span class='ocrx_word' id='word_1_117' title='bbox 84 3023 93 3044; x_wconf 77' lang='grc'><strong><em>,</em></strong></span> <span class='ocrx_word' id='word_1_118' title='bbox 131 2971 235 3046; x_wconf 87' lang='lat' dir='ltr'><strong>simis</strong></span> <span class='ocrx_word' id='word_1_119' title='bbox 260 2969 418 3071; x_wconf 86' lang='lat' dir='ltr'><strong>Papatus</strong></span> <span class='ocrx_word' id='word_1_120' title='bbox 443 2970 603 3046; x_wconf 88' lang='lat' dir='ltr'><strong>tenebris</strong></span> <span class='ocrx_word' id='word_1_121' title='bbox 630 2970 728 3046; x_wconf 88' lang='lat' dir='ltr'><strong>orbis</strong></span> <span class='ocrx_word' id='word_1_122' title='bbox 755 2970 973 3047; x_wconf 88' lang='lat' dir='ltr'><strong>christianus</strong></span> <span class='ocrx_word' id='word_1_123' title='bbox 1006 2969 1292 3071; x_wconf 76' lang='lat' dir='ltr'><strong>opprimebatur,</strong></span> <span class='ocrx_word' id='word_1_124' title='bbox 1325 2971 1444 3070; x_wconf 88' lang='lat' dir='ltr'><strong>primo</strong></span> 
     </span>
     <span class='ocr_line' id='line_1_16' title="bbox 129 3105 1443 3206; baseline 0 -26"><span class='ocrx_word' id='word_1_125' title='bbox 129 3106 349 3180; x_wconf 90' lang='lat' dir='ltr'><strong>humaniora</strong></span> <span class='ocrx_word' id='word_1_126' title='bbox 367 3107 592 3206; x_wconf 87' lang='lat' dir='ltr'><strong>antiquitatis</strong></span> <span class='ocrx_word' id='word_1_127' title='bbox 610 3105 733 3181; x_wconf 88' lang='lat' dir='ltr'><strong>studia</strong></span> <span class='ocrx_word' id='word_1_128' title='bbox 757 3106 935 3206; x_wconf 87' lang='lat' dir='ltr'><strong>respirare</strong></span> <span class='ocrx_word' id='word_1_129' title='bbox 954 3130 996 3179; x_wconf 89' lang='lat' dir='ltr'><strong>ac</strong></span> <span class='ocrx_word' id='word_1_130' title='bbox 1013 3105 1230 3182; x_wconf 81' lang='lat' dir='ltr'><strong>reviviscere</strong></span> <span class='ocrx_word' id='word_1_131' title='bbox 1249 3105 1443 3206; x_wconf 89' lang='lat' dir='ltr'><strong>coeperint,</strong></span> 
     </span>
     <span class='ocr_line' id='line_1_17' title="bbox 132 3239 1443 3342; baseline 0.001 -28"><span class='ocrx_word' id='word_1_132' title='bbox 132 3263 226 3339; x_wconf 87' lang='lat' dir='ltr'><strong>quae</strong></span> <span class='ocrx_word' id='word_1_133' title='bbox 257 3241 434 3316; x_wconf 89' lang='lat' dir='ltr'><strong>nimirum</strong></span> <span class='ocrx_word' id='word_1_134' title='bbox 459 3241 702 3342; x_wconf 72' lang='lat' dir='ltr'><strong>&#39;subsequenti</strong></span> <span class='ocrx_word' id='word_1_135' title='bbox 734 3265 823 3317; x_wconf 90' lang='lat' dir='ltr'><strong>aevo</strong></span> <span class='ocrx_word' id='word_1_136' title='bbox 856 3240 903 3314; x_wconf 89' lang='lat' dir='ltr'><strong>ad</strong></span> <span class='ocrx_word' id='word_1_137' title='bbox 934 3243 1037 3315; x_wconf 84' lang='lat' dir='ltr'><strong>saera</strong></span> <span class='ocrx_word' id='word_1_138' title='bbox 1070 3239 1297 3315; x_wconf 89' lang='lat' dir='ltr'><strong>emendanda</strong></span> <span class='ocrx_word' id='word_1_139' title='bbox 1327 3240 1443 3315; x_wconf 85' lang='lat' dir='ltr'><strong>facem</strong></span> 
     </span>
     <span class='ocr_line' id='line_1_18' title="bbox 129 3357 1441 3475; baseline 0 -27"><span class='ocrx_word' id='word_1_140' title='bbox 129 3376 363 3475; x_wconf 87' lang='lat' dir='ltr'><strong>praeferrent</strong></span> <span class='ocrx_word' id='word_1_141' title='bbox 414 3371 542 3475; x_wconf 89' lang='lat' dir='ltr'><strong>Neque</strong></span> <span class='ocrx_word' id='word_1_142' title='bbox 566 3357 641 3452; x_wconf 85' lang='lat' dir='ltr'><strong>uon</strong></span> <span class='ocrx_word' id='word_1_143' title='bbox 665 3375 900 3450; x_wconf 87' lang='lat' dir='ltr'><strong>manifestum</strong></span> <span class='ocrx_word' id='word_1_144' title='bbox 925 3385 993 3468; x_wconf 90' lang='lat' dir='ltr'><strong>est,</strong></span> <span class='ocrx_word' id='word_1_145' title='bbox 1032 3384 1253 3475; x_wconf 88' lang='lat' dir='ltr'><strong>quantopere</strong></span> <span class='ocrx_word' id='word_1_146' title='bbox 1284 3376 1344 3451; x_wconf 85' lang='lat' dir='ltr'><strong>vir</strong></span> <span class='ocrx_word' id='word_1_147' title='bbox 1374 3376 1441 3450; x_wconf 91' lang='lat' dir='ltr'><strong>im·</strong></span> 
     </span>
     <span class='ocr_line' id='line_1_19' title="bbox 129 3479 1442 3601; baseline 0 -17"><span class='ocrx_word' id='word_1_148' title='bbox 129 3510 297 3584; x_wconf 81' lang='lat' dir='ltr'><strong>mortalis</strong></span> <span class='ocrx_word' id='word_1_149' title='bbox 328 3479 524 3585; x_wconf 89' lang='lat' dir='ltr'><strong>memoriae</strong></span> <span class='ocrx_word' id='word_1_150' title='bbox 554 3511 600 3582; x_wconf 88' lang='lat' dir='ltr'><strong>D.</strong></span> <span class='ocrx_word' id='word_1_151' title='bbox 619 3511 794 3582; x_wconf 78' lang='lat' dir='ltr'><strong>Martinus</strong></span> <span class='ocrx_word' id='word_1_152' title='bbox 820 3507 1062 3601; x_wconf 50' lang='lat' dir='ltr'><strong>tartarum),</strong></span> <span class='ocrx_word' id='word_1_153' title='bbox 1091 3510 1139 3585; x_wconf 88' lang='lat' dir='ltr'><strong>ad</strong></span> <span class='ocrx_word' id='word_1_154' title='bbox 1169 3508 1442 3585; x_wconf 88' lang='lat' dir='ltr'><strong>instaurandam</strong></span> 
     </span>
     <span class='ocr_line' id='line_1_20' title="bbox 132 3627 1440 3744; baseline 0 -24"><span class='ocrx_word' id='word_1_155' title='bbox 132 3643 322 3720; x_wconf 89' lang='lat' dir='ltr'><strong>ecclesiam</strong></span> <span class='ocrx_word' id='word_1_156' title='bbox 348 3643 495 3719; x_wconf 84' lang='lat' dir='ltr'><strong>adiutus</strong></span> <span class='ocrx_word' id='word_1_157' title='bbox 519 3645 631 3719; x_wconf 74' lang='lat' dir='ltr'><strong>filerit</strong></span> <span class='ocrx_word' id='word_1_158' title='bbox 655 3637 702 3718; x_wconf 87' lang='lat' dir='ltr'><strong>ab</strong></span> <span class='ocrx_word' id='word_1_159' title='bbox 728 3669 771 3718; x_wconf 91' lang='lat' dir='ltr'><strong>eo</strong></span> <span class='ocrx_word' id='word_1_160' title='bbox 798 3644 989 3719; x_wconf 88' lang='lat' dir='ltr'><strong>doctorum</strong></span> <span class='ocrx_word' id='word_1_161' title='bbox 1013 3645 1178 3720; x_wconf 88' lang='lat' dir='ltr'><strong>virorum</strong></span> <span class='ocrx_word' id='word_1_162' title='bbox 1203 3627 1349 3744; x_wconf 85' lang='lat' dir='ltr'><strong>genere,</strong></span> <span class='ocrx_word' id='word_1_163' title='bbox 1377 3646 1440 3744; x_wconf 94' lang='lat' dir='ltr'><strong>qui</strong></span> 
     </span>
     <span class='ocr_line' id='line_1_21' title="bbox 131 3778 1509 3893; baseline 0.001 -41"><span class='ocrx_word' id='word_1_164' title='bbox 131 3780 301 3887; x_wconf 79' lang='lat' dir='ltr'><strong>antiquae</strong></span> <span class='ocrx_word' id='word_1_165' title='bbox 326 3779 580 3879; x_wconf 90' lang='lat' dir='ltr'><strong>philosophiae</strong></span> <span class='ocrx_word' id='word_1_166' title='bbox 606 3780 756 3893; x_wconf 82' lang='lat' dir='ltr'><strong>seientia</strong></span> <span class='ocrx_word' id='word_1_167' title='bbox 781 3786 817 3852; x_wconf 89' lang='lat' dir='ltr'><strong>et</strong></span> <span class='ocrx_word' id='word_1_168' title='bbox 843 3779 985 3854; x_wconf 88' lang='lat' dir='ltr'><strong>erudita</strong></span> <span class='ocrx_word' id='word_1_169' title='bbox 1008 3778 1217 3879; x_wconf 90' lang='lat' dir='ltr'><strong>linguarum</strong></span> <span class='ocrx_word' id='word_1_170' title='bbox 1237 3780 1440 3880; x_wconf 84' lang='lat' dir='ltr'><strong>cognitione</strong></span> <span class='ocrx_word' id='word_1_171' title='bbox 1506 3825 1509 3836; x_wconf 92' lang='lat'>·</span> 
     </span>
     <span class='ocr_line' id='line_1_22' title="bbox 130 3911 1440 4015; baseline 0.002 -28"><span class='ocrx_word' id='word_1_172' title='bbox 130 3912 329 4012; x_wconf 86' lang='lat' dir='ltr'><strong>pollebant</strong></span> <span class='ocrx_word' id='word_1_173' title='bbox 388 3911 552 4004; x_wconf 81' lang='lat' dir='ltr'><strong>Quorum</strong></span> <span class='ocrx_word' id='word_1_174' title='bbox 583 3916 623 3988; x_wconf 94' lang='lat' dir='ltr'><strong>in</strong></span> <span class='ocrx_word' id='word_1_175' title='bbox 655 3938 808 3989; x_wconf 91' lang='lat' dir='ltr'><strong>numero</strong></span> <span class='ocrx_word' id='word_1_176' title='bbox 848 3914 972 3989; x_wconf 92' lang='lat' dir='ltr'><strong>locum</strong></span> <span class='ocrx_word' id='word_1_177' title='bbox 1011 3938 1097 3990; x_wconf 89' lang='lat' dir='ltr'><strong>sane</strong></span> <span class='ocrx_word' id='word_1_178' title='bbox 1128 3915 1290 4015; x_wconf 90' lang='lat' dir='ltr'><strong>primum</strong></span> <span class='ocrx_word' id='word_1_179' title='bbox 1321 3915 1440 3990; x_wconf 89' lang='lat' dir='ltr'><strong>tenuit</strong></span> 
     </span>
     <span class='ocr_line' id='line_1_23' title="bbox 132 4029 1451 4150; baseline 0.004 -31"><span class='ocrx_word' id='word_1_180' title='bbox 132 4049 180 4120; x_wconf 81' lang='lat' dir='ltr'><strong>M.</strong></span> <span class='ocrx_word' id='word_1_181' title='bbox 216 4049 398 4144; x_wconf 79' lang='lat' dir='ltr'><strong>Philippos</strong></span> <span class='ocrx_word' id='word_1_182' title='bbox 430 4049 692 4140; x_wconf 81' lang='lat' dir='ltr'><strong>Metoacbtboa,</strong></span> <span class='ocrx_word' id='word_1_183' title='bbox 732 4046 830 4124; x_wconf 87' lang='lat' dir='ltr'><strong>fidus</strong></span> <span class='ocrx_word' id='word_1_184' title='bbox 869 4046 1020 4124; x_wconf 90' lang='lat' dir='ltr'><strong>Lutheri</strong></span> <span class='ocrx_word' id='word_1_185' title='bbox 1059 4046 1229 4140; x_wconf 87' lang='lat' dir='ltr'><strong>Achates,</strong></span> <span class='ocrx_word' id='word_1_186' title='bbox 1270 4048 1315 4125; x_wconf 87' lang='lat' dir='ltr'><strong>de</strong></span> <span class='ocrx_word' id='word_1_187' title='bbox 1354 4029 1451 4150; x_wconf 83' lang='lat' dir='ltr'><strong>quo,¹</strong></span> 
     </span>
     <span class='ocr_line' id='line_1_24' title="bbox 132 4180 1436 4284; baseline 0.002 -26"><span class='ocrx_word' id='word_1_188' title='bbox 132 4191 176 4258; x_wconf 89' lang='lat' dir='ltr'><strong>ut</strong></span> <span class='ocrx_word' id='word_1_189' title='bbox 207 4183 384 4258; x_wconf 89' lang='lat' dir='ltr'><strong>acerrimo</strong></span> <span class='ocrx_word' id='word_1_190' title='bbox 417 4180 602 4258; x_wconf 81' lang='lat' dir='ltr'><strong>doctrinae</strong></span> <span class='ocrx_word' id='word_1_191' title='bbox 640 4185 868 4284; x_wconf 87' lang='lat' dir='ltr'><strong>evangelicae</strong></span> <span class='ocrx_word' id='word_1_192' title='bbox 904 4184 1050 4260; x_wconf 85' lang='lat' dir='ltr'><strong>vindice</strong></span> <span class='ocrx_word' id='word_1_193' title='bbox 1081 4182 1255 4260; x_wconf 86' lang='lat' dir='ltr'><strong>adversus</strong></span> <span class='ocrx_word' id='word_1_194' title='bbox 1287 4183 1436 4261; x_wconf 73' lang='lat' dir='ltr'><strong>Pontia</strong></span> 
     </span>
    </p>
   </div>
   <div class='ocr_carea' id='block_1_2' title="bbox 125 4399 1559 4814">
    <p class='ocr_par' dir='ltr' id='par_1_2' title="bbox 125 4399 1559 4814">
     <span class='ocr_line' id='line_1_25' title="bbox 198 4399 1436 4476; baseline 0.002 -19"><span class='ocrx_word' id='word_1_195' title='bbox 198 4406 228 4469; x_wconf 75' lang='lat'><strong>¹¹)</strong></span> <span class='ocrx_word' id='word_1_196' title='bbox 245 4407 309 4458; x_wconf 86' lang='lat' dir='ltr'><strong>Nota</strong></span> <span class='ocrx_word' id='word_1_197' title='bbox 323 4413 364 4458; x_wconf 77' lang='lat' dir='ltr'><strong>eat</strong></span> <span class='ocrx_word' id='word_1_198' title='bbox 377 4409 485 4471; x_wconf 69' lang='lat' dir='ltr'><strong>egregia</strong></span> <span class='ocrx_word' id='word_1_199' title='bbox 501 4399 618 4462; x_wconf 73' lang='lat' dir='ltr'><strong>tumen</strong></span> <span class='ocrx_word' id='word_1_200' title='bbox 628 4409 772 4458; x_wconf 79' lang='lat' dir='ltr'><strong>sententia:</strong></span> <span class='ocrx_word' id='word_1_201' title='bbox 791 4405 860 4470; x_wconf 80' lang='lat' dir='ltr'><strong>»Ego</strong></span> <span class='ocrx_word' id='word_1_202' title='bbox 873 4419 1015 4470; x_wconf 84' lang='lat' dir='ltr'><strong>persuasus</strong></span> <span class='ocrx_word' id='word_1_203' title='bbox 1032 4419 1104 4476; x_wconf 84' lang='lat' dir='ltr'><strong>sum,</strong></span> <span class='ocrx_word' id='word_1_204' title='bbox 1122 4409 1179 4458; x_wconf 75' lang='lat' dir='ltr'><strong>alne</strong></span> <span class='ocrx_word' id='word_1_205' title='bbox 1195 4408 1331 4459; x_wconf 83' lang='lat' dir='ltr'><strong>literarum</strong></span> <span class='ocrx_word' id='word_1_206' title='bbox 1342 4413 1436 4472; x_wconf 77' lang='lat' dir='ltr'><strong>periris</strong></span> 
     </span>
     <span class='ocr_line' id='line_1_26' title="bbox 130 4489 1559 4565; baseline 0.001 -21"><span class='ocrx_word' id='word_1_207' title='bbox 130 4498 202 4544; x_wconf 84' lang='lat' dir='ltr'><strong>stare</strong></span> <span class='ocrx_word' id='word_1_208' title='bbox 218 4505 271 4542; x_wconf 91' lang='lat' dir='ltr'><strong>non</strong></span> <span class='ocrx_word' id='word_1_209' title='bbox 288 4505 366 4556; x_wconf 81' lang='lat' dir='ltr'><strong>possa</strong></span> <span class='ocrx_word' id='word_1_210' title='bbox 384 4495 512 4544; x_wconf 78' lang='lat' dir='ltr'><strong>sinceram</strong></span> <span class='ocrx_word' id='word_1_211' title='bbox 529 4492 712 4556; x_wconf 80' lang='lat' dir='ltr'><strong>Theologlarn:</strong></span> <span class='ocrx_word' id='word_1_212' title='bbox 736 4494 804 4542; x_wconf 76' lang='lat' dir='ltr'><strong>elcut</strong></span> <span class='ocrx_word' id='word_1_213' title='bbox 819 4494 960 4560; x_wconf 86' lang='lat' dir='ltr'><strong>hactenus,</strong></span> <span class='ocrx_word' id='word_1_214' title='bbox 977 4494 1113 4544; x_wconf 81' lang='lat' dir='ltr'><strong>ruentibus</strong></span> <span class='ocrx_word' id='word_1_215' title='bbox 1138 4499 1164 4543; x_wconf 83' lang='lat' dir='ltr'><strong>et</strong></span> <span class='ocrx_word' id='word_1_216' title='bbox 1180 4494 1324 4545; x_wconf 83' lang='lat' dir='ltr'><strong>tacentlbrs</strong></span> <span class='ocrx_word' id='word_1_217' title='bbox 1340 4497 1435 4565; x_wconf 78' lang='lat' dir='ltr'><strong>literis,</strong></span> <span class='ocrx_word' id='word_1_218' title='bbox 1558 4489 1559 4496; x_wconf 65' lang='lat'><em>&#39;</em></span> 
     </span>
     <span class='ocr_line' id='line_1_27' title="bbox 130 4577 1435 4648; baseline 0.003 -20"><span class='ocrx_word' id='word_1_219' title='bbox 130 4580 278 4629; x_wconf 74' lang='lat' dir='ltr'><strong>miserrima</strong></span> <span class='ocrx_word' id='word_1_220' title='bbox 296 4582 321 4628; x_wconf 85' lang='lat' dir='ltr'><strong>et</strong></span> <span class='ocrx_word' id='word_1_221' title='bbox 338 4577 432 4628; x_wconf 77' lang='lat' dir='ltr'><strong>cecidit</strong></span> <span class='ocrx_word' id='word_1_222' title='bbox 455 4582 481 4628; x_wconf 82' lang='lat' dir='ltr'><strong>et</strong></span> <span class='ocrx_word' id='word_1_223' title='bbox 496 4579 583 4627; x_wconf 76' lang='lat' dir='ltr'><strong>lacuit.</strong></span> <span class='ocrx_word' id='word_1_224' title='bbox 619 4577 685 4639; x_wconf 79' lang='lat' dir='ltr'><strong>Quin</strong></span> <span class='ocrx_word' id='word_1_225' title='bbox 702 4579 794 4648; x_wconf 79' lang='lat' dir='ltr'><strong>video,</strong></span> <span class='ocrx_word' id='word_1_226' title='bbox 817 4591 957 4641; x_wconf 86' lang='lat' dir='ltr'><strong>numquam</strong></span> <span class='ocrx_word' id='word_1_227' title='bbox 980 4580 1065 4629; x_wconf 81' lang='lat' dir='ltr'><strong>fuisse</strong></span> <span class='ocrx_word' id='word_1_228' title='bbox 1086 4581 1216 4644; x_wconf 77' lang='lat' dir='ltr'><strong>insignem</strong></span> <span class='ocrx_word' id='word_1_229' title='bbox 1241 4582 1336 4631; x_wconf 80' lang='lat' dir='ltr'><strong>factam</strong></span> <span class='ocrx_word' id='word_1_230' title='bbox 1360 4582 1435 4632; x_wconf 79' lang='lat' dir='ltr'><strong>verbi</strong></span> 
     </span>
     <span class='ocr_line' id='line_1_28' title="bbox 130 4663 1434 4732; baseline 0.003 -18"><span class='ocrx_word' id='word_1_231' title='bbox 130 4665 179 4715; x_wconf 82' lang='lat' dir='ltr'><strong>Del</strong></span> <span class='ocrx_word' id='word_1_232' title='bbox 195 4664 397 4730; x_wconf 81' lang='lat' dir='ltr'><strong>revelationem,</strong></span> <span class='ocrx_word' id='word_1_233' title='bbox 415 4665 466 4714; x_wconf 77' lang='lat' dir='ltr'><strong>nial</strong></span> <span class='ocrx_word' id='word_1_234' title='bbox 481 4664 575 4731; x_wconf 72' lang='lat' dir='ltr'><strong>punc,</strong></span> <span class='ocrx_word' id='word_1_235' title='bbox 592 4663 664 4713; x_wconf 84' lang='lat' dir='ltr'><strong>velut</strong></span> <span class='ocrx_word' id='word_1_236' title='bbox 680 4665 895 4726; x_wconf 81' lang='lat' dir='ltr'><strong>praecursoribus</strong></span> <span class='ocrx_word' id='word_1_237' title='bbox 912 4665 1050 4732; x_wconf 80' lang='lat' dir='ltr'><strong>Baptistls,</strong></span> <span class='ocrx_word' id='word_1_238' title='bbox 1068 4667 1137 4716; x_wconf 86' lang='lat' dir='ltr'><strong>vlam</strong></span> <span class='ocrx_word' id='word_1_239' title='bbox 1153 4668 1253 4729; x_wconf 77' lang='lat' dir='ltr'><strong>pararit</strong></span> <span class='ocrx_word' id='word_1_240' title='bbox 1266 4668 1434 4730; x_wconf 78' lang='lat' dir='ltr'><strong>surgentibus</strong></span> 
     </span>
     <span class='ocr_line' id='line_1_29' title="bbox 125 4749 1096 4814; baseline 0.003 -14"><span class='ocrx_word' id='word_1_241' title='bbox 125 4757 158 4800; x_wconf 61' lang='lat' dir='ltr'><strong>&#39;et</strong></span> <span class='ocrx_word' id='word_1_242' title='bbox 173 4750 327 4802; x_wconf 74' lang='lat' dir='ltr'><strong>serenatus</strong></span> <span class='ocrx_word' id='word_1_243' title='bbox 343 4749 440 4814; x_wconf 68' lang='lat' dir='ltr'><strong>lugan</strong></span> <span class='ocrx_word' id='word_1_244' title='bbox 459 4754 485 4799; x_wconf 83' lang='lat' dir='ltr'><strong>et</strong></span> <span class='ocrx_word' id='word_1_245' title='bbox 501 4749 609 4802; x_wconf 74' lang='lat' dir='ltr'><strong>liseria«</strong></span> <span class='ocrx_word' id='word_1_246' title='bbox 645 4759 670 4800; x_wconf 84' lang='lat' dir='ltr'><strong>r.</strong></span> <span class='ocrx_word' id='word_1_247' title='bbox 688 4749 760 4802; x_wconf 78' lang='lat' dir='ltr'><strong>Tam.</strong></span> <span class='ocrx_word' id='word_1_248' title='bbox 777 4751 795 4805; x_wconf 82' lang='lat'>2</span> <span class='ocrx_word' id='word_1_249' title='bbox 813 4751 889 4814; x_wconf 72' lang='lat' dir='ltr'><strong>epus.</strong></span> <span class='ocrx_word' id='word_1_250' title='bbox 905 4749 979 4803; x_wconf 81' lang='lat' dir='ltr'><strong>Lrth.</strong></span> <span class='ocrx_word' id='word_1_251' title='bbox 994 4763 1020 4814; x_wconf 77' lang='lat' dir='ltr'><strong>p.</strong></span> <span class='ocrx_word' id='word_1_252' title='bbox 1036 4751 1096 4803; x_wconf 72' lang='lat'><strong>8⁰⁷.</strong></span> 
     </span>
    </p>
   </div>
   <div class='ocr_carea' id='block_1_3' title="bbox 0 0 1668 5348">
    <p class='ocr_par' dir='ltr' id='par_1_3' title="bbox 0 0 1668 5348">
     <span class='ocr_line' id='line_1_30' title="bbox 0 0 1668 5348; baseline 0 2"><span class='ocrx_word' id='word_1_253' title='bbox 0 0 1668 5348; x_wconf 95' lang='lat' dir='ltr'><strong> </strong></span> 
     </span>
    </p>
   </div>
  </div>
 </body>
</html>
