3328 5348
744 337 844 410 9.,

657 431 863 454 ..n-n—-dn—

109 597 178 716 quo
202 617 370 690 fortunae
394 613 572 688 beneficio
598 614 677 711 ipse
701 613 752 687 ita
772 608 994 712 loquitur*):
1021 609 1172 713 „Atque
1192 635 1324 714 magna
1341 637 1424 690 mea

107 752 278 826 felicitate
311 750 448 841 evenit,
488 756 530 822 ut
561 771 635 820 non
668 747 771 846 prius
804 746 936 846 pedem
967 745 1008 820 in
1040 747 1108 822 illa
1140 747 1233 823 urbe
1265 743 1422 848 (Lipsia)

106 909 291 986 ponerem,
333 908 445 984 quam
477 893 513 957 et
545 882 678 957 veteris
710 881 784 956 mei
816 885 1060 980 praeceptoris
1092 881 1225 975 literis,
1265 890 1302 955 et
1327 903 1423 958 com·

106 1021 336 1096 mandatione
377 1041 523 1117 quoque
563 1014 729 1116 Philippi
768 1009 982 1108 Camerarii,
1032 1015 1177 1092 iuvenis
1216 1014 1263 1090 ad
1302 1015 1426 1091 omnia

107 1179 249 1228 summa
274 1151 366 1243 nati,
407 1176 517 1251 quem
549 1147 711 1224 Misenae
744 1159 781 1224 et
812 1149 1043 1225 contubernii
1069 1175 1111 1224 ac
1137 1149 1344 1224 studiorum
1369 1169 1425 1224 so·

110 1292 239 1363 oietate
258 1295 295 1360 et
315 1286 496 1360 amicitiae
517 1283 784 1359 necessitudine
796 1285 891 1358 mihi
904 1283 1088 1360 habebam
1100 1284 1426 1375 devinctissimum,

110 1421 323 1496 conciliatus
356 1443 473 1494 essem
504 1417 636 1518 Magno
670 1418 731 1492 illi
757 1418 958 1512 Ioachimo,
992 1421 1184 1518 utriusque
1216 1419 1428 1494 literaturae

110 1565 216 1654 atque
253 1555 343 1628 adeo
376 1555 494 1627 omnis
526 1553 764 1627 humanitatis
790 1554 942 1653 parenti.
996 1550 1077 1644 Quo
1109 1579 1195 1634 cum
1220 1564 1257 1629 et
1282 1552 1428 1630 doctore
1466 1609 1468 1614 -

111 1701 233 1766 uterer
253 1699 290 1765 et
309 1683 556 1784 ἐργυδιώκτῃ,
583 1713 658 1762 non
678 1687 788 1762 modo
808 1713 882 1761 non
903 1688 1045 1763 deserui
1067 1714 1215 1764 cursum
1227 1688 1340 1763 illum
1353 1697 1427 1762 stu·

112 1825 276 1915 diorum,
303 1847 414 1922 quem
441 1819 608 1896 Fabricio
641 1821 734 1896 duce
767 1847 840 1895 non
873 1823 1071 1898 infeliciter
1102 1825 1285 1923 ingressus
1318 1846 1427 1914 eram,

111 1961 174 2035 sed
207 1960 319 2034 etiam
347 1956 471 2031 acrius
505 1956 691 2056 aliquanto
725 1981 810 2030 eum
849 1959 1019 2057 persequi
1052 1959 1170 2057 coepi,
1211 1958 1430 2033 admovente

111 2095 203 2170 mihi
237 2092 408 2167 stimulos
440 2101 540 2164 tanto
572 2093 669 2183 viro,
704 2092 809 2165 cuius
842 2101 879 2164 et
912 2095 1106 2166 auctoritas
1139 2093 1240 2194 apud
1265 2116 1326 2166 me
1352 2099 1430 2166 erat

112 2253 255 2304 summa
280 2235 317 2300 et
342 2226 522 2300 iudicium
547 2225 659 2300 fiebat
683 2226 870 2301 maximi.“

213 2376 390 2452 Eiusdem
415 2377 578 2476 exempli
610 2377 715 2451 locus
748 2385 866 2450 exstat
895 2377 935 2450 in
961 2377 1115 2476 epistola
1141 2376 1189 2452 ad
1214 2373 1431 2477 Philippum

114 2511 364 2588 Camerarium
391 2511 492 2601 data,
520 2535 592 2608 quo
617 2509 839 2585 Bersmanus
865 2511 978 2585 studii
1001 2509 1199 2611 Lipsiensis
1219 2506 1430 2610 primordia,

115 2673 180 2723 nec
215 2673 288 2722 non
320 2647 543 2745 adjumenta,
578 2668 671 2744 quae
703 2645 865 2722 familiae
897 2641 1125 2722 Camerariae
1157 2653 1303 2745 accepta
1333 2643 1431 2738 tulit,

115 2785 173 2857 his
198 2781 325 2859 verbis
351 2776 538 2890 repetit*):
565 2775 687 2872 „Cum
712 2789 853 2873 autem,
881 2781 981 2881 quod
1006 2783 1094 2875 scis,
1121 2789 1203 2882 post
1229 2781 1434 2856 confectum

116 2920 154 2992 in
187 2917 316 2992 schola
342 2916 481 2990 illustri
514 2915 756 3006 curriculum,
790 2914 953 3015 Lipsiam
978 2915 1085 2991 ambo
1112 2915 1434 3015 proficisceremur,

116 3063 153 3129 te
185 3053 338 3153 quidem
370 3050 482 3148 paulo
513 3059 597 3148 post
635 3051 673 3124 in
707 3050 945 3124 dissimilium
983 3052 1190 3126 studiorum
1222 3051 1436 3126 tractatione
1491 3033 1495 3047 ⁸

116 3187 290 3262 Iohannis
316 3183 469 3259 Sturmii
496 3185 594 3258 fama
617 3183 857 3284 Argentinam
878 3184 1048 3279 abduxit,
1074 3211 1134 3258 me
1154 3209 1242 3282 vem
1255 3169 1437 3260 fruentem

117 3321 297 3396 beneficio
323 3317 566 3395 illustrissimi
592 3329 629 3393 et
661 3319 790 3420 inclyti
822 3318 882 3393 Pr.
911 3317 1130 3420 Septemviri
1163 3318 1321 3422 Augusti
1354 3321 1436 3395 reti·

119 3458 201 3531 nuit
234 3456 315 3530 istic
348 3453 540 3530 admiratio
573 3453 714 3530 solidae
745 3455 961 3528 eruditionis
994 3464 1031 3528 et
1061 3455 1253 3554 utriusque
1291 3455 1439 3555 linguae

122 3591 338 3691 cognitionis
371 3590 520 3663 omnino
554 3589 868 3688 incomparabilis,
909 3614 1036 3689 quam,
1076 3590 1145 3664 illa
1177 3590 1288 3666 etiam
1313 3598 1439 3682 aetate,

121 3726 160 3800 in
186 3733 338 3824 parente
363 3733 442 3816 tuo,
475 3732 709 3823 praeceptore
740 3749 839 3816 meo,
873 3725 1075 3823 perspicere
1101 3732 1275 3823 poteram.
1327 3703 1441 3800 Cuius
1490 3820 1495 3828 Ι

123 3860 351 3933 nouaclum
383 3858 569 3931 solertiam
602 3867 638 3932 et
670 3858 905 3951 industriam,
946 3857 1011 3932 sed
1045 3858 1154 3931 etiam
1186 3858 1226 3932 in
1257 3883 1318 3932 me
1345 3881 1440 3936 com·

124 3994 317 4092 plectendo
333 3971 338 3980 ¹
357 4015 520 4066 umorem
560 3970 596 4066 et
627 3992 922 4068 benevolentiam
963 3992 1176 4091 experiebar
1208 3992 1442 4092 singularem,

125 4153 212 4202 cum
244 4152 293 4202 111
324 4127 636 4202 commendatione
668 4128 802 4202 veteris
835 4126 1057 4226 praceptoris
1089 4127 1220 4219 nostri,
1253 4135 1334 4200 tum
1360 4151 1441 4201 con·

127 4262 314 4337 ciliatione
342 4263 437 4353 eius,
465 4262 677 4360 quaemihi
703 4258 864 4334 Misenae
890 4271 1012 4335 tecum
1038 4261 1305 4354 intercesserat,
1338 4262 1442 4336 fami·

128 4397 299 4472 liaritatis
326 4406 362 4470 et
387 4397 671 4472 necessitudinis.
724 4392 847 4494 Atque
872 4397 943 4470 hoc
969 4396 1114 4469 nomine
1141 4403 1178 4468 et
1194 4397 1261 4470 toti
1281 4397 1443 4470 familiae

203 4737 278 4800 *)1n
297 4740 406 4804 epistola
424 4737 584 4787 dedicatorla
602 4736 684 4799 prlorl
701 4734 852 4786 Paematum
870 4734 938 4799 parti
955 4735 1108 4800 praemissa.

184 4823 232 4884 fl)
247 4839 272 4875 1.
292 4825 428 4888 epistolare
452 4825 535 4888 primo
553 4827 624 4872 tomo
643 4821 829 4882 Georgicorum
848 4820 950 4882 vri-grul
965 4822 1162 4884 praescriptam.
