3242 5356
851 315 900 388 60

776 419 982 432 m

217 623 292 674 une
317 621 401 674 cum
420 593 622 688 sororibus,
650 597 883 698 voluptatum
910 595 1120 690 illecebras,
1149 621 1240 697 quae
1268 600 1408 674 ratione
1435 622 1536 700 supe·

213 735 294 810 reri
320 734 440 810 solent
461 733 588 810 divino
616 732 741 808 adiuta
767 733 924 809 auxilio:
956 734 996 808 id
1023 731 1120 832 quod
1148 733 1244 834 aegis
1270 731 1461 810 Minervae
1487 737 1538 810 in·

219 872 303 946 nuit
327 894 412 946 cum
438 867 611 945 Mercurii
638 869 762 969 gladio
790 880 826 944 et
851 863 938 944 Oroi
963 869 1082 969 galea,
1115 867 1248 966 quibus
1275 877 1402 968 poetae
1429 871 1540 946 illurn

218 981 415 1083 armavere.
469 1001 576 1095 Quod
602 1005 632 1077 si
659 999 858 1105 Gorgones,
894 1028 987 1102 quae
1016 999 1201 1076 Dorcedas
1229 999 1364 1080 Oceani
1390 1003 1540 1081 Aethio·

218 1139 293 1242 pici
333 1139 473 1216 insulas
504 1138 688 1214 habitasse
723 1139 979 1239 perhibentur,
1020 1162 1131 1237 aquas
1166 1139 1261 1238 ipsas
1293 1141 1542 1240 interpreteris

219 1277 332 1352 maris
369 1275 483 1367 filias,
530 1271 721 1350 Medusam
761 1299 847 1348 vero
888 1284 1027 1374 partem
1069 1297 1194 1348 earum
1232 1277 1460 1369 tenuiorum,
1501 1303 1542 1352 ao

218 1417 533 1513 supernatantem,
575 1405 749 1484 Perseum
783 1411 940 1509 denique
967 1409 1099 1482 solem:
1141 1435 1212 1483 non
1240 1410 1433 1487 defuturae
1459 1423 1544 1487 sunt
1609 1450 1610 1500 r

219 1547 259 1624 in
283 1547 353 1622 hac
380 1547 459 1644 ipsa
490 1543 618 1618 fabula
643 1543 886 1619 subiectiones
914 1545 1120 1644 ingeniosae
1151 1545 1197 1618 de
1223 1557 1374 1621 naturae
1399 1545 1542 1646 Deique

219 1681 361 1784 opificis
400 1677 605 1756 actionibus
645 1679 897 1772 mirabilibus,
943 1681 1040 1756 vires
1084 1704 1166 1756 suas
1214 1691 1364 1758 naturae
1410 1683 1541 1784 imper-

216 1818 373 1895 tientis:“

321 1950 377 2027 De
415 1951 551 2026 latinae
591 1949 776 2025 scribendi
819 1951 997 2050 elegantia
1035 1952 1209 2028 monebat
1244 1953 1463 2054 discipulos,
1504 1965 1544 2029 ut

220 2089 421 2167 orationem
449 2088 496 2197 ad
522 2097 620 2162 recta
647 2085 816 2184 exempla
841 2083 1034 2186 fingerent,
1067 2088 1242 2188 principis
1269 2089 1438 2190 inprimis
1466 2113 1542 2164 ora-

218 2237 342 2302 torum
362 2233 398 2301 et
421 2223 648 2322 eloquentiae
661 2219 846 2296 Romanae
872 2223 1046 2320 parentis,
1075 2217 1301 2318 Ciceronis*)
1328 2225 1543 2325 exemplum

220 2368 526 2460 obsequerentur
553 2368 588 2432 et
621 2357 904 2432 similitudinem
930 2360 1192 2457 exprimerent,
1225 2385 1298 2434 non
1325 2359 1477 2462 quidem
1502 2369 1544 2434 ut
1611 2355 1612 2364 '

221 2497 350 2574 simius
369 2495 547 2587 hominis,
574 2493 640 2568 sed
652 2501 694 2567 ut
719 2490 822 2568 filius
835 2494 959 2592 petris.
1013 2491 1198 2587 Quantum
1225 2496 1349 2589 faciet,
1377 2519 1545 2571 sermone

23 2729 58 2749 ..-
220 2657 330 2738 puro,
359 2631 523 2733 elegante
544 2640 579 2706 et
597 2629 789 2730 perspicuo
809 2630 879 2721 uti,
908 2652 1090 2731 quamque
1117 2655 1263 2706 necesse
1289 2633 1350 2725 sit,
1378 2632 1545 2707 inaudita
1612 2723 1613 2726 Ἴ

15 2753 48 2860 d
97 2737 258 2850 sedilib
297 2768 492 2844 insolentia
523 2759 637 2843 verba
662 2765 804 2866 fugere,
847 2768 1017 2866 exemplo
1052 2767 1237 2842 illustrare
1271 2766 1414 2842 solebat
1440 2768 1544 2843 illius
1612 2735 1613 2822 i

59 2903 122 3082 st
175 2953 182 2982 .
222 2901 411 2997 Sisennae,
440 2904 502 3002 qui
530 2902 637 2999 (teste
656 2897 862 2996 Cicerone),
890 2926 974 2976 cum
1002 2905 1105 3000 quasi
1133 2870 1543 2980 emendatffl·

219 3042 274 3118 let
300 3040 479 3117 sermonis
504 3038 646 3128 usitati,
689 3037 726 3109 in
767 3035 903 3110 iudicio
944 3038 1072 3111 irrisus
1111 3040 1223 3113 fuerit
1262 3049 1407 3139 propter
1433 3041 1545 3114 unius

222 3179 400 3254 duntaxat
412 3173 531 3265 verbi,
560 3171 689 3272 populi
704 3169 859 3246 Romani
874 3171 1025 3246 auribus
1044 3175 1172 3274 ignoti,
1199 3171 1544 3275 usurpationemfl).

221 3312 370 3389 Pietatis
399 3312 557 3410 denique
590 3317 626 3381 et
656 3308 800 3400 virtutis
829 3308 1044 3384 christianae
1059 3319 1112 3384 -ut
1138 3311 1306 3385 assiduus
1333 3309 1546 3386 adhortator

221 3460 331 3541 esset,
359 3445 510 3522 auribus
534 3468 733 3546 puerorum
760 3454 795 3517 et
822 3445 998 3518 iuvenum
1024 3447 1123 3520 hunc
1141 3436 1290 3521 versum
1317 3471 1445 3522 canere
1472 3473 1546 3522 non

223 3585 349 3663 desiit:
382 3584 500 3656 Omnia
527 3583 690 3654 doctrino
718 3586 771 3652 erl
798 3583 914 3652 demta
937 3585 1074 3676 pietate
1100 3607 1275 3656 terrenum.

322 3717 377 3792 Ite
403 3717 515 3818 igitur
554 3740 660 3808 „cum
688 3715 834 3790 divitias
863 3717 997 3816 ingenii
1024 3718 1083 3791 sui
1115 3718 1192 3817 ipse
1219 3719 1436 3817 explicaret,
1471 3745 1547 3793 non

222 3880 353 3957 magno
393 3852 537 3953 negotio
577 3851 743 3924 omnium
783 3850 830 3925 ad
870 3877 907 3924 se
947 3850 1068 3925 studia
1107 3861 1215 3952 atque
1251 3877 1314 3926 ora
1354 3857 1545 3930 convertit.

291 4204 322 4268 *l
340 4205 377 4258 De
396 4203 522 4254 Cicerone
540 4200 648 4252 botheri
664 4201 791 4252 ludicrum
808 4213 861 4252 non
880 4211 997 4267 possum,
1016 4203 1078 4264 quin
1096 4202 1146 4252 buo
1166 4214 1309 4268 apponam:

302 4335 305 4342 .
338 4289 370 4341 M.
394 4290 422 4338 Τ.
450 4287 540 4339 Cloero
565 4287 600 4336 lst
633 4287 705 4336 elner
736 4290 813 4335 unter
845 4287 895 4335 den
927 4287 1052 4337 btohsten
1084 4287 1182 4337 Leuten
1216 4290 1264 4340 auf
1293 4287 1378 4337 Erden
1408 4301 1547 4358 genesen,

201 4379 341 4430 'veletren
360 4375 428 4443 fiete,
447 4373 568 4424 wlewohl
586 4376 682 4422 untern
700 4372 808 4438 ilerden,
829 4373 978 4424 sonderllab
997 4372 1134 4438 erwihlet,
1153 4375 1214 4426 dass
1233 4375 1315 4424 durch
1331 4374 1375 4424 lhn
1396 4374 1439 4423 dle
1458 4389 1546 4440 genre

223 4463 377 4520 lrtelnlsohe
397 4460 511 4526 Sprsolre
535 4459 598 4510 sollt
624 4459 727 4522 gersen
750 4459 805 4508 und
829 4458 947 4510 erhalten
970 4461 1085 4510 werden.
1120 4460 1173 4510 Der
1195 4460 1283 4522 hatja
1301 4461 1549 4528 ubersohwingllch

224 4563 319 4616 grosse
337 4547 427 4600 (laben
451 4547 505 4597 und
523 4545 630 4596 (lunden
647 4543 750 4608 genabo.
786 4544 906 4594 Deruber
923 4545 990 4595 alles
1007 4547 1042 4594 ist
1060 4559 1089 4595 er
1107 4547 1294 4614 (terremus,
1318 4547 1474 4600 treffltobste
1492 4553 1548 4600 und

225 4615 367 4692 allerbeste
385 4633 489 4684 Redner
507 4642 646 4700 genesen,
670 4632 719 4681 der
736 4632 763 4680 tn
781 4633 828 4680 der
846 4629 959 4696 Spracha
976 4646 1036 4682 vom
1055 4631 1192 4699 Anfcuge,
1217 4634 1281 4683 oder
1298 4633 1334 4684 bn
1351 4645 1455 4697 ganzen
1472 4635 1547 4690 Rom.

225 4723 313 4790 balah,
332 4721 534 4788 nulgestenden,
553 4720 619 4771 oder
637 4717 766 4767 errunden
782 4719 825 4766 ist.
861 4714 924 4782 opp.
942 4716 1016 4769 butb.
1034 4721 1096 4771 torn.
1113 4717 1166 4770 x11.
1183 4719 1267 4769 Vlteb.
1286 4718 1371 4771 Germ.
1389 4736 1415 4785 p.
1433 4721 1475 4771 87.

276 4841 323 4906 **)
339 4859 364 4896 v.
383 4841 461 4896 rtet
482 4843 516 4898 td
532 4845 595 4896 torn.
614 4838 638 4892 11
654 4837 811 4908 probantum·
