3328 5348
779 247 986 377 s...

225 545 393 622 versibus
414 541 604 643 complexa
629 542 742 615 oratio
763 534 1042 635 manaverint').
1094 535 1221 614 Mirari
1241 564 1280 616 se
1301 541 1396 644 dicit
1406 547 1537 632 orator,

228 683 325 782 quod
358 683 499 771 audiat,
542 676 754 766 nonnullos,
794 701 923 776 neque¹
941 674 1060 750 malos
1091 673 1179 748 illos
1218 676 1382 774 quidem,
1422 699 1539 774 neque

227 817 512 892 contemnendae
538 813 760 887 auctoritatis
786 811 955 892 homines
978 811 1147 909 reperiri,
1180 811 1242 909 qui
1269 835 1353 884 oum
1379 811 1540 911 philoso-

226 953 350 1053 phiam
389 953 465 1026 suis
505 949 551 1023 ad
584 927 740 1022 coelum'
768 943 948 1022 extollant
973 944 1176 1038 laudibus,
1212 947 1375 1045 poeticen
1406 935 1539 1038 tamen,

227 1088 345 1187 ipsam
378 1086 584 1161 divinarum
618 1093 655 1156 et
685 1084 930 1160 humanarum
963 1103 1088 1154 rerum
1120 1081 1355 1180 interpretem
1379 1105 1540 1156 morum-

227 1243 297 1320 que
324 1203 359 1294 et
384 1220 481 1294 vitae
504 1220 731 1322 magistram,
767 1225 1012 1317 aspernentur.
1066 1213 1215 1316 Fugisse
1247 1218 1421 1296 nimirum
1454 1215 1541 1292 illos

225 1352 409 1456 perhibet,
437 1354 536 1454 quod
561 1377 619 1426 res
645 1355 706 1442 sit,
739 1353 885 1426 eosdem
912 1352 1004 1426 olim
1029 1351 1142 1426 fuisse
1167 1359 1292 1451 poetas
1318 1361 1355 1426 ct
1380 1349 1540 1450 philoso·

225 1491 334 1590 phos:
361 1513 479 1588 neque
505 1488 690 1563 attendere
717 1488 819 1578 illos,
848 1488 948 1586 quod
975 1509 1021 1560 ex
1038 1484 1238 1563 Platonicis
1252 1487 1401 1587 quidam
1417 1487 1542 1586 magni

226 1625 384 1700 nominis
409 1625 683 1714 asseveraverit,
717 1625 882 1722 poeticen
909 1624 1026 1722 ipsam
1052 1621 1148 1699 nihil
1174 1622 1277 1696 aliud
1304 1645 1397 1714 esse,
1431 1643 1542 1721 quam

225 1759 510 1860 philosophiam,
537 1767 700 1858 tempore
726 1759 876 1858 quidem
902 1765 1101 1848 vetustam,
1129 1759 1391 1858 compositione
1416 1767 1542 1832 autem

225 1896 386 1970 numeris
399 1895 611 1970 concinnam
636 1921 677 1970 ae
703 1893 883 1984 sententia
907 1890 1119 1966 fabularum
1146 1892 1346 1966 involueris
1366 1892 1541 1968 abditam.

226 2026 297 2105 Sed
322 2035 364 2104 ut
393 2031 502 2104 etiam
529 2031 756 2129 eloquentiae
782 2028 971 2103 Bersmani
998 2026 1150 2126 aliquod
1177 2028 1389 2126 exemplum
1416 2027 1541 2104 affera-

225 2175 301 2256 tur,
328 2165 517 2240 audiamus
545 2167 668 2265 ipsum
694 2167 744 2239 ita
770 2165 810 2238 id
837 2171 1090 2263 argumentum
1116 2172 1409 2261 persequentem:

183 2395 186 2402 ,
323 2311 448 2410 „de
488 2326 541 2392 est
580 2317 619 2391 in
656 2317 827 2392 universa
865 2313 1113 2416 philosophia,
1154 2313 1257 2388 ouius
1297 2314 1544 2414 appellatione

224 2451 342 2527 omnis
368 2439 588 2552 optimarum
614 2473 735 2528 rerum
762 2451 919 2552 cognitio
946 2460 1053 2550 atque
1084 2450 1122 2523 in
1149 2448 1195 2522 iis
1222 2450 1433 2524 exercitatio
1458 2477 1541 2527 con·

223 2586 330 2662 tineri
371 2587 613 2678 existimatur,
658 2586 755 2686 quod
793 2610 868 2660 non
906 2611 928 2660 a
960 2585 1076 2685 poetis
1114 2586 1230 2684 magis
1268 2595 1393 2660 ornate
1428 2595 1543 2688 atque

94 2745 99 2764 ¹
224 2723 422 2816 enucleate,
455 2747 566 2822 quam
591 2721 637 2795 ab
664 2723 708 2797 iis
735 2723 838 2822 ipsis,
873 2722 937 2821 qui
963 2719 1127 2820 sapiendi
1154 2717 1226 2808 sibi
1253 2719 1441 2794 scientiam
1467 2747 1543 2797 una

222 2861 306 2932 'cum
324 2857 489 2932 ,nominis
515 2853 585 2926 τῶν
607 2855 735 2952 σοφῶν
759 2855 783 2944 ἢ
804 2851 1029 2952 φιλοσόφων
1055 2856 1292 2954 usurpatione
1318 2867 1542 2956 arrogarent,

224 2993 445 3094 explicatum
470 2999 800 3092 pertractatumque
821 2987 890 3064 sit?
928 2987 1109 3089 Namque,
1136 3002 1178 3063 ut
1198 2991 1345 3067 initium
1364 2992 1542 3070 faciamus

223 3155 243 3202 a
269 3127 377 3205 rebus
410 3127 561 3220 divinis,
603 3126 665 3226 qui
693 3125 840 3200 obsecro
872 3126 967 3201 inter
1001 3125 1163 3200 ethnicos
1195 3127 1306 3226 primi
1339 3125 1542 3203 docuerunt

221 3265 401 3356 homines,
436 3287 509 3336 non
533 3260 642 3336 modo
670 3255 790 3334 Deum
822 3283 898 3335 esse
924 3259 1100 3360 aliquem,
1134 3259 1199 3334 sed
1225 3261 1303 3336 eius
1334 3262 1443 3337 etiam
1475 3289 1540 3340 nu·

222 3400 320 3475 'mine
346 3425 387 3474 ac
413 3396 641 3498 providentia
666 3395 846 3471 mundum
873 3395 949 3496 regi
980 3419 1022 3470 ac
1047 3393 1261 3496 gubernari:
1301 3397 1352 3470 ab·
1373 3421 1415 3472 eo
1442 3394 1541 3475 Solis

222 3543 258 3610 et
283 3534 394 3608 lunae
419 3532 718 3632 reliquorumque
742 3532 906 3607 siderum
934 3532 1122 3623 circuitus,
1156 3532 1376 3606 mutationes
1402 3540 1539 3634 tempo-

222 3689 305 3742 rum
323 3688 518 3767 remmque
537 3666 806 3742 vicissitudines
833 3675 868 3741 et
888 3667 1054 3742 ordinem
1081 3667 1301 3742 conservari:
1329 3666 1375 3740 ab
1395 3668 1538 3744 ecdem·

174 3791 181 3812 '
222 3801 292 3904 qu'e
322 3803 422 3875 omni
456 3801 694 3877 animantium
724 3803 845 3904 generi
871 3801 967 3878 vitae
999 3807 1034 3876 et
1065 3800 1160 3888 lucis
1190 3824 1341 3877 usuram
1360 3789 1538 3880 concedi:

222 3935 425 4028 commoda,
455 3935 588 4035 quibus
617 3937 791 4012 fruuntur
819 3921 999 4030 homines,
1027 3936 1221 4038 impertiri,
1248 3937 1342 4012 bene
1367 3943 1536 4015 merenti·

222 4075 292 4146 bus
318 4069 478 4171 praemia
505 4071 688 4166 constitui,
721 4097 762 4148 ao
788 4071 953 4148 sontibus
983 4095 1115 4171 poenas
1147 4069 1321 4172 irrogari?
1374 4072 1537 4164 Quodsi

222 4205 366 4282 raritati
392 4206 640 4280 testimonium
666 4207 857 4307 perhibere
882 4208 1068 4300 malimus,
1102 4231 1225 4308 quam,
1259 4210 1358 4316 quod
1384 4233 1441 4284 res
1473 4221 1536 4303 est,

222 4322 364 4458 inficias
384 4340 503 4414 eundo
527 4341 620 4416 falso
641 4341 805 4436 diffiteri,
832 4341 926 4420 hana
944 4343 1196 4444 antiquissimo
1220 4367 1241 4418 e
1267 4343 1382 4420 doctis
1401 4349 1536 4446 generi,

186 4757 191 4764 Ι
242 4755 257 4772 Ἰ
290 4686 320 4754 *)
337 4690 372 4740 el.
390 4685 444 4742 Clo.
462 4689 538 4740 'lusa
557 4699 600 4756 qu.
618 4687 639 4756 1,
657 4691 682 4740 2.
700 4691 724 4742 ³.
750 4697 776 4741 et
801 4689 1006 4744 locuturum
1034 4687 1105 4746 iilum
1129 4690 1212 4743 locum
1231 4692 1355 4744 orationis
1378 4703 1425 4756 pro
1443 4692 1536 4748 aratu

223 4768 299 4847 aa·
317 4787 341 4828 a
353 4773 378 4827 8.
1329 4788 1335 4797 ·
