3328 5348
878 337 899 410 6

784 437 990 454 ,πῄ-ιη-

394 604 470 691 Quo
491 629 552 676 nec
570 609 723 678 sollicitas
744 610 859 680 turbae
879 610 1012 701 puerilis
1032 607 1173 678 habenas

435 726 576 793 Doctior
596 736 630 794 et
649 727 738 796 facili
759 731 890 798 flectere
910 729 1004 796 frena
1023 730 1141 794 mano?

394 843 489 911 Illius
511 845 659 912 indomiti
680 846 869 915 metuebant
888 847 1023 916 verbera
1047 849 1170 936 virgae,

440 961 679 1048 Ponebantque
701 968 824 1033 animos
845 965 908 1032 hoc
929 964 1118 1032 moderante
1139 962 1211 1029 feri.

380 1077 504 1168 ·Ipsius
527 1081 568 1146 ad
589 1089 720 1157 nutum,
742 1083 832 1150 nullo
854 1090 995 1150 terrente
1016 1080 1162 1168 flagello,

439 1196 587 1264 Muneris
608 1199 770 1288 urgebant
790 1201 901 1268 debita
921 1200 1007 1265 iussa
1027 1197 1115 1263 boni.

395 1313 493 1380 Hunc
513 1319 613 1403 patris
636 1317 793 1404 obsequio
815 1326 999 1385 reverenter
1019 1315 1138 1384 babere
1160 1314 1320 1390 solebant,

436 1430 543 1500 Huius
565 1442 599 1500 et
619 1434 755 1502 offensas
778 1435 897 1503 ducere
920 1434 1044 1524 grande
1065 1434 1156 1501 nefas

393 1548 500 1616 Huius
521 1549 710 1637 pendebant
731 1554 840 1618 cuncti
859 1554 1017 1618 narrantis
1038 1551 1078 1618 ab
1101 1574 1173 1628 ore,

306 1729 309 1736 ,
435 1667 612 1734 Mellifluos
636 1672 762 1754 quoties
783 1669 937 1737 funderet
957 1691 1013 1737 ore
1035 1692 1141 1736 senes.

395 1782 502 1851 Huius
523 1783 714 1853 inexhausto
736 1791 845 1855 cuncti
866 1786 907 1853 de
927 1785 1018 1857 fonte
1040 1786 1196 1856 bibebant

438 1899 528 1968 Artis
550 1911 584 1969 et
604 1907 795 1993 omnigenae
819 1906 1011 1992 cognitionis
1032 1928 1141 1992 aquas.

392 2514 428 2580 Is
450 2514 530 2580 mihi
550 2514 700 2583 tradebat
719 2523 895 2604 praecepta
914 2514 1055 2582 salubria
1074 2515 1172 2590 vitae,

435 2627 561 2700 Arcem
583 2656 603 2698 a
622 2635 723 2710 vitiis,
745 2642 779 2700 et
799 2631 948 2702 facienda
969 2653 1113 2698 monens.

392 2748 427 2815 Is
449 2749 529 2816 mibi
548 2750 713 2838 pandebat
733 2749 861 2826 doctas,
884 2773 963 2837 quas
983 2759 1130 2826 noverat,
1152 2760 1251 2828 artes,

435 2863 573 2934 Sedulus
596 2871 720 2958 ingenii
741 2869 847 2935 cultor
868 2890 1042 2954 amansque
1064 2870 1137 2934 mei.
1235 2933 1239 2942 ,

360 3023 363 3032 ,
391 2983 453 3050 Ille
475 2987 554 3051 meis
576 2984 675 3052 dubia
697 2990 851 3072 quassatis
873 2995 958 3052 sorte
981 2984 1139 3051 malorum

436 3096 638 3190 Coniugium
657 3101 779 3179 Musis,
802 3103 856 3170 ille
877 3103 1022 3170 levamen
1044 3110 1121 3167 erat.

391 3219 473 3287 Pars
495 3219 574 3286 mihi
594 3219 698 3286 laudis
721 3223 796 3295 erit,
819 3219 879 3286 sub
901 3230 934 3288 te
956 3218 1106 3286 didicisse
1127 3221 1302 3310 Magistro,

433 3334 464 3402 Ο
487 3335 634 3412 Fabrici,
662 3339 753 3404 cuius
775 3341 915 3405 carmine
937 3337 1004 3404 fata
1023 3361 1130 3427 gemo.

189 3409 193 3416 =
251 3443 262 3463 ’
395 3455 497 3538 Queis
518 3453 578 3520 tibi
598 3433 798 3573 prebueritis,
820 3456 900 3523 dum
921 3458 1051 3545 spiritus
1073 3457 1132 3524 hos
1153 3467 1246 3550 reget
1267 3467 1369 3536 artus,

433 3569 510 3639 Sole
531 3594 615 3640 novo
636 3582 758 3662 grates,
780 3583 813 3641 et
832 3573 978 3664 fugiente
1001 3597 1123 3644 canam.

192 4097 211 4125 ,.
233 4147 238 4154 ι
276 4129 285 4145 ,
390 4064 557 4130 Hactenus
578 4061 672 4130 haec:
696 4082 752 4136 en,
775 4082 831 4128 ore
854 4070 943 4128 natat
963 4060 1042 4130 mibi
1064 4084 1194 4131 carmen
1214 4066 1352 4154 inipso,

281 4174 285 4183 '
432 4177 528 4246 Nunc
551 4179 636 4246 salve
658 4177 804 4255 Fabrici,
825 4188 1086 4268 perpetuumque
1107 4181 1192 4250 ralel

762 4477 965 4493 *ι
