3242 5356
98 589 228 664 amicis
253 587 333 663 istis
359 587 452 661 meis
476 585 570 661 falso
595 611 655 662 me
681 547 1104 678 criminantibuas‘male
1129 580 1253 678 audio,
1277 597 1416 668 'verum

88 725 212 798 ¹ctiam
246 723 318 797 hoc
349 724 428 822 ipso
459 721 625 814 crimine,
663 723 794 798 iisdem
814 719 1084 814 deferentibus,
1124 720 1223 821 apu'd
1240 727 1416 819 proceres

88 883 173 932 non
199 881 281 932 raro
307 855 512 932 insimulor.
553 853 626 931 Sed
650 857 741 932 hacc
766 856 844 931 Deo
871 857 1011 932 scilicet
1030 855 1296 932 committenda
1312 864 1415 948 aunt,

88 993 163 1092 -qui
191 993 390 1066 confundet
419 991 633 1091 aliquando*
649 1016 690 1066 os
716 992 1019 1067 calumniantium
1045 1001 1082 1066 et
1111 1016 1232 1066 meam
1245 993 1417 1092 proferet

86 1127 377 1202 ·innocentiam“
408 1124 512 1202 Idem
537 1150 638 1220 vero,
667 1128 729 1226 qui
755 1126 1025 1202 sanctissimum
1044 1123 1164 1201 Deum
1190 1128 1262 1202 eibi
1287 1137 1416 1204 testem

94 1261 257 1348 habebat
282 1263 509 1336 innocentiae
535 1285 636 1354 suae,
668 1260 1163 1336 nocentissimus·videbatur
1188 1263 1233 1336 iie
1258 1262 1415 1338 homini·

95 1397 182 1490 bus,
223 1399 287 1496 qui
318 1399 575 1498 theologorum
601 1394 893 1472 Lutheranorum
918 1397 1065 1472 nomine
1086 1397 1215 1478 „etiam
1248 1398 1312 1476 ius
1343 1395 1415 1472 sibi

93 1531 276 1632 putabant
315 1533 442 1608 datum
480 1556 556 1606 esse
588 1531 852 1608 condemnandi
890 1553 1016 1604 ornnes
1055 1556 1147 1608 etse
1187 1531 1413 1611 dissimum

92 1665 204 1759 „Hoc
228 1692 342 1766 genus
367 1668 560 1772 hominum
585 1668 780 1766 prophetas
806 1664 952 1755 occidit,
981 1674 1017 1738 et
1040 1689 1105 1741 vos
1131 1674 1257 1767 po'e'tae
1281 1676 1414 1758 cavete,
1503 1747 1506 1758 ,

87 1803 137 1875 -in
171 1827 328 1901 quorum
360 1801 527 1879 versibus
559 1799 820 1876 Melanchthon
860 1809 896 1874 et
911 1793 1154 1876 ¹Camerarius
1185 1804 1415 1878 laudantur.‘.‘
1445 1791 1451 1805 ⁴

87 1934 151 2012 lta
168 1938 322 2036 ,scripsit
335 1935 372 2010 .Ι.
401 1933 600 2028 Sturmius,
633 1935 960 2037 Argentoratensis‚
992 1934 1230 2013 Bersmauum
1256 1939 1443 2014 monitu-¹

93 2095 174 2164 rus,
215 2097 327 2171 quem
359 2081 395 2146 et
427 2073 522 2145 alius
561 2071 713 2170 quidam
745 2069 883 2144 amicus
921 2068 980 2143 his
1012 2073 1136 2147 verbis
1167 2075 1414 2173 praemonuit²

88 2262 116 2299 „
126 2204 292 2299 Utinam,
333 2232 378 2280 nc
406 2206 496 2305 quid
522 2203 591 2278 tibi
624 2203 866 2304 aThcclogis
892 2204 1082 2281 immineat
1105 2209 1278 2308 periculi:
1318 2209 1415 2285 cert'c

88 2342 197 2416 -enim
223 2342 291 2416 tibi
321 2349 460 2432 metuo,
501 2365 573 2413 non
601 2339 698 2438 quod
730 2351 766 2414 te
796 2349 923 2440 putem
954 2364 1032 2428 eoae
1057 2337 1310 2439 calvinistam,
1350 2345 1415 2421 sed

95 2478 185 2576 quia
215 2486 252 2551 te
284 2478 359 2551 scio
388 2476 557 2550 doctum*
579 2483 625 2548 et
648 2474 842 2550 eruditum.
894 2473 1067 2552 Festucae
1105 2487 1191 2552 sunt
1222 2480 1262 2553 in
1298 2480 1415 2556 oculii

94 2608 369 2712 Theologorum
399 2612 511 2684 huius
536 2610 709 2708 temporis
743 2610 840 2686 docti
866 2635 1062 2686 omnesne
1093 2613 1282 2689 saeculum
1314 2615 1414 2692 inve'·

89 2756 248 2821 nuatum
275 2757 311 2822 et
335 2745 515 2846 ineptum!
542 2753 683 2818 utnon
709 2745 828 2820 dicam
854 2720 996 2846 aliquid
1020 2749 1177 2846 gravius.
1218 2745 1296 2825 'Sed
1320 2751 1415 2827 vivit

89 2879 293 2974 Dominus,
319 2883 442 2958 vincet
453 2879 618 2956 Ecclesia
636 2889 672 2954 et
688 2881 930 2982 triumphabit
947 2883 1122 2981 temporis
1141 2882 1222 2958 filia
1237 2885 1415 2960 aenusr‘

91 3015 226 3116 *Neque
258 3041 305 3092 ex
333 3041 428 3092 vano
458 3017 543 3106 fuit,
576 3016 676 3114 quod
707 3017 815 3090 amici
841 3016 891 3090 ita
922 3026 1140 3092 metuerunt
1192 3017 1289 3100 Nom
1313 3023 1413 3098 theo·

90 3152 266 3252 logorum
291 3151 418 3226 odium
443 3150 591 3224 undem
616 3150 747 3243 effecit,
773 3162 816 3227 ut
842 3153 905 3251 qui
930 3162 1011 3226 tum
1035 3152 1169 3229 fluctus
1194 3157 1234 3229 in
1259 3157 1414 3257 optimos

95 3310 260 3387 quosque
281 3285 561 3378 derivabuntur,
594 3287 634 3361 in
658 3285 848 3362 Bersmani
868 3288 985 3362 etiam
1017 3299 1126 3387 caput
1156 3289 1411 3368 redundarent.

93 3419 150 3498 Dc
179 3445 252 3520 quo
283 3421 356 3494 iam
371 3485 374 3492 ,
389 3421 497 3521 plura
523 3421 616 3496 mihi
648 3421 801 3498 dicenda
831 3430 929 3513 sunt,
963 3420 1030 3495 ubi
1056 3423 1101 3498 de
1126 3421 1300 3502 Formula
1330 3453 1411 3503 oon·

93 3555 257 3648 cordiae,
292 3581 384 3668 quae
411 3556 522 3630 illum
548 3557 783 3658 praecipitem
807 3556 907 3648 tulit,
941 3580 1056 3655 pauca
1081 3560 1264 3658 praefatus
1294 3564 1410 3640 sucro:

640 4211 864 4336 nun.

92 4577 97 4584 .
143 4509 258 4586 ¹¹¹[Ab
284 4531 379 4584 anno
401 4508 548 4586 circiter
573 4505 748 4584 MDLXX
775 4511 920 4604 evenit‚'¹
939 4517 981 4583 ut
1006 4531 1089 4583 cum
1115 4459 1300 4586 veterihus
1324 4508 1411 4588 Pus

94 4645 331 4746 lippistcrum
368 4645 582 4722 adversariis
614 4641 793 4720 Flaoianis
830 4646 904 4720 alia
942 4645 1119 4744 quaedam
1155 4645 1409 4746 theologorum

86 4778 390 4860 ,Lutherenorum
403 4781 522 4868 ¹factio
537 4781 590 4856 ad
609 4779 879 4882 exstirpandam
896 4777 1187 4856 Melanohthonia
1206 4781 1407 4862 docuinam
