3242 5356
718 288 768 414 rr

76 625 155 691 tem
182 616 422 711 adducerent,
460 626 504 697 ut
528 615 737 717 prohibitus
762 616 825 711 iis,
866 641 959 718 quae
990 614 1063 694 sibi
1089 617 1239 718 suisque
1270 616 1319 692 ad
1347 615 1400 693 vi·
1414 635 1471 766 Zp
1486 685 1538 734 ,ἡ
1555 718 1563 734 ,.

74 750 243 828 rendum
286 742 576 854 suppeditarent,
622 752 723 828 ultro
763 750 888 854 Lipsia
934 751 1087 829 cederet
1151 751 1277 854 Itaque
1316 727 1410 828 huic
1434 725 1533 838 asts„
1554 735 1603 848 a„

72 888 213 963 misero
238 913 386 965 omnem
412 913 498 966 cum
524 887 678 990 publice
702 897 784 962 tum
808 887 982 989 priuatim
1009 887 1163 964 docendi
1189 896 1405 989 potestatem
1423 885 1476 1016 jul
1503 833 1548 932 ὅ

71 1023 366 1102 intercluserunt
405 1049 465 1117 eo,
506 1022 607 1126 quod
646 1023 860 1116 effecerunt,
897 1031 943 1098 ut
975 1031 1226 1125 praeceptores
1260 1046 1404 1124 quoque

71 1160 229 1260 privati,
268 1161 332 1237 vel
363 1158 563 1262 paedagogi
596 1157 644 1234 ad
675 1157 982 1259 subscriptionem
1019 1146 1215 1234 Formulee
1248 1152 1402 1234 Concor·

70 1295 160 1372 diae
188 1305 419 1397 cogerentur,
445 1316 582 1396 „quam
607 1293 669 1368 illi
695 1317 898 1394 numquam
918 1291 1147 1394 pellegerent
1164 1320 1206 1370 ac
1219 1319 1281 1377 ¹ne
1307 1317 1403 1370 eom·

70 1454 206 1530 parare
247 1428 399 1530 quidem
437 1437 586 1530 propter
623 1436 820 1529 egestatem
858 1429 1074 1529 poterant¹‘··
1109 1425 1187 1505 Imo
1221 1453 1264 1504 eo
1295 1418 1411 1504 inhu·'
1456 1473 1465 1482 ·

70 1563 263 1640 manitatis
302 1563 365 1640 illi
407 1563 596 1640 duumviri
634 1571 908 1665 processerunt,
952 1571 997 1638 ut
1035 1559 1277 1640 Bersmanum
1317 1587 1403 1640 cunr

72 1723 196 1774 uxore
222 1709 259 1775 et
282 1698 427 1790 liberis,
460 1699 613 1800 matida
639 1698 789 1798 quidem
814 1697 899 1789 illa,
933 1721 979 1773 ex
1004 1695 1174 1792 aedibus,
1202 1723 1292 1800 quas
1318 1692 1402 1773 001·

72 1833 219 1936 legium
268 1831 457 1934 Lipsiense
499 1833 671 1935 pensione
714 1855 810 1908 anua
856 1833 890 1907 ei
928 1832 1130 1928 locaverat,
1175 1829 1402 1930 eiicerent*).

73 1965 180 2060 Quae
202 1994 287 2045 cum
306 1970 359 2044 ita
385 1977 519 2062 essent,
547 1967 754 2044 excusanda
778 1966 910 2042 saltem
934 1967 1084 2045 videtur
1108 1969 1179 2045 illa
1203 1966 1402 2050 verborum

73 2103 274 2197 acerbitas,
309 2129 381 2205 qua
405 2101 642 2197 Bersmanus,
678 2103 964 2203 quotiescunque
995 2083 1053 2179 res
1086 2105 1313 2181 occasionem
1339 2102 1400 2179 de·

74 2240 149 2333 dit,
177 2217 353 2314 Iacobum
365 2235 534 2314 Andreae
561 2247 598 2315 et
624 2233 881 2314 Selneceerum
905 2238 1029 2339 petiit,
1055 2264 1223 2316 necnon
1249 2239 1289 2315 in
1313 2235 1400 2313 For·

73 2373 224 2450 mulam
237 2368 460 2450 Concordiae
485 2373 653 2449 invectus
678 2381 749 2466 est,
776 2398 849 2475 qua
874 2373 935 2449 illi
961 2374 1204 2450 instrumento
1229 2375 1289 2451 nsi
1315 2384 1402 2450 sunt

74 2533 153 2584 non
167 2509 279 2592 modo
297 2532 401 2602 suae,
428 2507 671 2584 seduliorem
696 2507 807 2583 etiam
832 2508 1038 2586 multorum
1063 2509 1241 2585 miseriae.
1294 2505 1402 2601 Quod

72 2667 169 2724 vero
201 2670 224 2720 a
257 2643 426 2746 dogmate
440 2719 444 2730 ,
458 2643 682 2743 ubiquitario
716 2642 915 2719 abhorrens
942 2644 1151 2721 doctrinam·
1182 2644 1228 2720 de
1254 2636 1401 2720 Christo

74 2783 119 2857 in
144 2781 217 2856 illa
241 2780 401 2856 formula
432 2778 606 2854 traditam
632 2779 813 2871 reiecerit,
854 2779 895 2855 id
921 2781 1153 2856 excusatione
1179 2787 1260 2881 eget
1284 2779 1401 2873 nulla,

73 2917 152 2992 nisi
179 2915 278 3020 apud
309 2939 386 3008 eos,
427 2914 489 3014 qui
522 2922 645 2988 nostro
668 2890 824 3015 ‘quoque
856 2923 1020 3016 tempore
1051 2916 1152 2991 ultra
1182 2916 1402 3016 scripturam

75 3051 238 3153 sapiunt.
300 3048 332 3126 Ii
370 3051 459 3126 tero
490 3048 668 3143 viderint,
708 3075 756 3126 ne
787 3048 990 3127 subtilibus
1021 3049 1315 3151 theologumenis
1329 3052 1401 3127 -in·

74 3185 265 3264 haerendo
298 3185 505 3286 simplicem
537 3185 732 3260 veritatem
763 3186 948 3278 amittant,
987 3209 1079 3262 neve
1116 3186 1288 3261 humanis
1318 3211 1399 3262 auc·

75 3321 291 3399 toritatibus
330 3320 489 3397 nimium
527 3318 724 3394 tribuendo
758 3319 934 3397 divinum
972 3313 1109 3395 Christi
1135 3320 1312 3396 honorem
1338 3322 1398 3397 de·

77 3466 237 3534 tractare
277 3481 319 3532 ae
358 3454 543 3530 ambitiosi
581 3478 668 3530 suae
707 3456 826 3532 famae
864 3455 978 3530 studii
1017 3454 1065 3530 ab
1098 3455 1167 3530 illa
1197 3457 1402 3531 subtilitate

78 3591 311 3694 praesidium
337 3613 510 3692 quaerere
535 3589 739 3666 videantur.
773 3588 1014 3667 Bersmanum
1039 3614 1128 3666 vero
1153 3601 1320 3666 nostrum
1346 3588 1399 3666 di·

78 3728 170 3805 vino
203 3721 340 3802 Christi
372 3726 504 3801 honori
531 3725 675 3826 aliquid
707 3725 913 3828 derogasse,
948 3727 1030 3827 quis
1054 3735 1175 3828 putet,
1210 3727 1273 3826 qui
1305 3727 1401 3801 iufu-

79 3871 162 3940 cata
201 3885 286 3937 eum
324 3861 399 3937 fide
437 3863 649 3961 cognoverit
677 3861 893 3962 amplexum
918 3885 996 3938 esse
1027 3855 1232 3955 Christum,
1271 3883 1401 3940 varum

77 3997 193 4076 deum
217 4006 255 4073 et
279 4017 409 4074 verum
432 3995 631 4090 hominem,
1373 3997 1376 4004 '

248 4143 397 4234 Virginei
417 4143 545 4234 prolem
564 4153 693 4234 partus,
715 4145 898 4231 summique
913 4117 1074 4232 ¹pluentis,

249 4261 292 4331 In
314 4283 410 4332 eruce
433 4283 532 4352 quem
552 4272 664 4330 nostro
685 4285 747 4352 pro
769 4260 1041 4332 erimine-fimare
1060 4280 1202 4348 passum,

648 4467 658 4496 l

574 4512 622 4560 ,³21
636 4502 649 4549 θ’

149 4581 179 4661 *)
196 4613 222 4650 r.
239 4599 323 4663 praef.
346 4599 410 4650 toml
426 4597 459 4648 11.
484 4561 645 4662 poenitum,
671 4602 697 4647 et
715 4609 834 4662 carmen,
859 4595 1005 4663 „Tumulus
1027 4591 1116 4645 Iacnbl
1139 4592 1260 4645 Andreae
1282 4593 1401 4658 Apostoll

79 4677 268 4751 llblqultatls“,
287 4685 314 4734 ln
333 4697 383 4748 quo
401 4687 474 4733 tanta
494 4679 562 4732 huno
579 4681 766 4733 lnhumanltate
784 4681 869 4730 fnlsse
886 4682 1001 4748 legitur,

369 4769 401 4821 ut
418 4769 555 4832 gravldan
573 4770 678 4817 erueret
695 4771 786 4818 tenero
804 4779 864 4818 oum
881 4766 989 4831 palmlte
1006 4768 1096 4834 vllem,

406 4853 487 4917 Quem
504 4857 595 4908 ‹lertn
614 4852 731 4905 cbristus
750 4855 857 4906 severat
873 4851 930 4919 lpse
949 4865 1006 4905 sua.
