3328 5348
751 331 796 405 15

679 435 884 448 t-—ffl

119 593 423 706 tranquillitatem
455 613 492 680 at
521 603 570 680 ob
602 605 790 684 laudatam
824 607 916 682 atris
941 606 1165 707 temperiem.
1218 603 1325 683 Unde
1350 607 1431 683 fieri

117 741 272 836 solebat,
305 751 349 817 ut
379 737 551 818 Germani
576 738 722 816 Italiam
755 743 928 818 adeuntes
960 741 1197 845 perlubenter
1228 741 1282 816 ibi
1313 744 1431 842 primo

116 876 338 970 insisterent,
378 878 453 950 ae'ri
491 874 620 952 Italico
660 873 901 973 adsuerunt)
957 874 1036 952 lam
1068 899 1155 953 vero
1188 901 1305 976 quum
1336 879 1433 972 ruris
1464 963 1468 972 ,

117 1019 152 1084 et
189 1011 383 1087 hortorum
423 1011 661 1087 aemoenitate
694 1020 819 1111 poetas
852 1011 1017 1106 omnium
1055 1011 1217 1085 maxime
1257 1012 1455 1088 delectari¹
1489 1053 1492 1058 ¹

116 1153 270 1239 constet,
310 1145 434 1222 facile·
453 1145 691 1245 intelligitur,
730 1171 842 1246 quam
880 1147 976 1222 laeto
1018 1146 1158 1219 animo*
1172 1153 1279 1245 poeta
1311 1158 1433 1225 noster
1499 1149 1502 1156 ’
1553 1133 1558 1140 ’
1618 1201 1623 1210 .

113 1277 336 1356 Bersmanus
362 1281 402 1356 in
427 1281 487 1354 his
516 1279 689 1354 felicibus
715 1278 905 1355 Musarum
930 1278 1080 1355 sedibus
1106 1291 1348 1356 commoratus
1373 1284 1431 1378 sit,

114 1423 359 1515 quantamque
386 1415 590 1516 perceperit
615 1415 843 1515 voluptatem
869 1441 889 1491 e
915 1413 1126 1515 quotidiano
1153 1413 1327 1515 adspectu
1351 1417 1431 1491 lau·

113 1571 254 1644 rorum,
280 1558 505 1650 myrtorum,
532 1550 712 1644 olearum,
739 1549 1071 1652 ficorumeiusque
1097 1554 1238 1652 generis
1264 1524 1561 1714 aliaruquq,

84 1771 88 1780 1
113 1683 183 1758 sibi
210 1707 407 1778 novarum,
441 1684 614 1761 arborum
641 1695 678 1761 et
703 1686 930 1786 plantarum,
964 1685 1098 1785 quibus
1123 1708 1209 1787 ager
1234 1685 1431 1764 Patavinus
1461 1675 1482 1730 f
1515 1645 1548 1740 s
1563 1655 1612 1748 ῥά

110 1819 267 1896 feliciter
292 1819 465 1896 abundat.
517 1818 647 1921 Neque
671 1829 793 1899 tamen
818 1828 966 1921 propter
982 1821 1053 1897 hoc
1073 1821 1141 1896 ille
1156 1823 1203 1897 ad
1216 1824 1430 1924 exemplum
1546 1795 1553 1820 ³

111 1977 150 2027 se
163 1956 455 2033 accommodavit
472 1979 617 2049 eorum,
645 1957 709 2056 qui
735 1959 775 2031 in
791 1955 1000 2032 Academiis
1013 1958 1121 2056 plura
1146 1958 1194 2033 ad
1220 1958 1431 2058 adspectum

112 2097 147 2162 et
170 2089 417 2189 voluptatem,
445 2115 556 2191 quam
581 2092 629 2166 ad
654 2115 765 2165 usum
791 2100 827 2165 et
851 2092 1012 2166 fructum
1038 2093 1216 2185 referunt,
1243 2091 1318 2167 imo
1343 2117 1431 2170 vero

111 2223 338 2322 plurimumv
362 2225 559 2302 collocavit
607 2226 647 2299 in
693 2224 940 2326 cognoscenda
986 2235 1062 2300 arte
1110 2227 1268 2320 medica,
1322 2253 1431 2327 quam

112 2360 390 2459 exquisitissimi
418 2362 584 2437 doctores
613 2361 653 2434 in
673 2385 723 2452 ,ea
746 2359 839 2435 urbe
865 2358 1129 2460 profitebantur
1155 2374 1191 2437 et
1216 2361 1433 2438 exercebant

110 2496 341 2594 peritissime.
393 2495 473 2572 Hoc
505 2497 545 2572 in
577 2495 700 2571 studio
730 2496 873 2571 medico
907 2520 1021 2595 quum
1055 2521 1192 2571 annum
1223 2523 1340 2572 unum
1365 2496 1431 2572 Pa·

110 2632 200 2708 tavii
242 2632 513 2726 consumsisset,
553 2634 593 2706 in
631 2633 791 2708 vicinam
822 2629 954 2705 urbem
992 2632 1213 2724 Ferrariam,
1253 2632 1321 2707 ubi
1351 2641 1433 2707 turn

112 2767 225 2842 etiam
266 2769 450 2865 Philippus
485 2769 713 2840 Camerarius
750 2768 841 2840 iuris
869 2765 1088 2866 prudentiae
1125 2791 1273 2867 operam
1312 2767 1431 2862 dabat,

110 2927 147 2978 se
183 2903 359 2996 contulit,
391 2902 517 3003 ibique
543 2904 702 2978 alterum
735 2902 857 3002 exegit
889 2925 1027 2975 annum
1058 2902 1175 2976 literis
1201 2903 1433 3002 potissimum

110 3037 393 3114 humanioribus
433 3038 597 3132 deditus,
637 3039 685 3113 ad
725 3062 817 3138 quas
856 3037 1123 3112 accuratissime
1162 3037 1432 3139 investigandas

110 3175 229 3274 ipsam
262 3175 420 3274 denique
446 3175 645 3248 Bononiam
678 3173 785 3266 adiit,
818 3172 951 3247 urbem
980 3171 1070 3246 boni
1096 3174 1254 3247 nominis
1280 3182 1316 3248 et
1341 3176 1430 3249 omi-

110 3312 183 3404 nis,
210 3311 250 3384 in
277 3335 349 3410 qua
379 3310 509 3385 saltem
534 3318 720 3414 uersatum
752 3333 830 3384 esse
862 3309 937 3384 illo
961 3317 1124 3407 tempore
1157 3307 1243 3382 satis
1277 3318 1353 3383 erat
1385 3310 1433 3384 ad

110 3445 298 3520 doctrinae
332 3445 694 3520 commendationem.
753 3442 813 3519 Ab
847 3453 924 3518 arte
957 3467 1045 3521 vero
1071 3443 1254 3519 medicina
1279 3445 1430 3518 salutari

111 3581 179 3655 illa
214 3580 381 3680 quidem,
414 3581 480 3655 sed
504 3590 547 3656 ut
572 3583 697 3656 ferunt
721 3577 980 3679 Hippocratem
1011 3579 1165 3672 dixisse,
1199 3603 1246 3653 ex
1271 3578 1431 3653 aliorum
1453 3657 1468 3664 ,A

108 3716 259 3792 miseria
296 3739 381 3790 suas
407 3717 629 3816 percipiente
657 3716 861 3816 molestias,
899 3723 1025 3788 utrum
1050 3723 1235 3813 pertaesus
1267 3715 1345 3812 ipse
1377 3738 1429 3789 se·

109 3878 148 3928 se
184 3851 387 3944 avertentit,
428 3877 475 3926 an
510 3852 557 3928 ab
596 3852 680 3925 aliis
720 3851 945 3944 admonitus,
985 3849 1117 3923 nescio.
1175 3846 1255 3922 Hoc
1287 3857 1430 3924 tantum

111 3989 299 4089 cognitum
329 3985 465 4079 habea,
511 3962 698 4082 Georgium
739 3988 941 4060 Fabricium
979 3984 1182 4059 identidem
1221 3982 1334 4057 illrnn
1367 3984 1428 4057 ad·

109 4123 299 4198 hortatum
332 4145 426 4215 esse,
457 4121 576 4195 literis
607 4120 886 4197 humanioribus
919 4119 1015 4194 nihil
1047 4128 1090 4194 ut
1121 4120 1324 4193 anteferret.
1372 4115 1431 4195 lta

110 4261 229 4353 enim,
267 4267 311 4332 ut
344 4257 556 4357 exemplum
593 4257 758 4350 afferam,
799 4255 996 4332 Bersmano
1029 4279 1094 4329 suo
1126 4252 1271 4353 scripsit
1303 4249 1426 4336 Fabri·

180 4635 212 4696 *J
229 4635 341 4686 Edoctus
364 4648 421 4686 sum
440 4635 472 4682 de
489 4635 529 4684 hle
547 4627 673 4699 epistola,
693 4645 770 4694 quarn
788 4632 881 4682 Petrus
899 4630 1045 4696 Lotlohlus,
1064 4629 1199 4680 Bersmant
1217 4630 1275 4680 fere
1299 4633 1426 4699 aequalia,

112 4735 142 4770 ex
160 4721 228 4770 urbe
244 4720 368 4772 Patavina
386 4721 420 4771 ad
438 4721 547 4770 amlcnm
567 4719 645 4768 dedit.

181 4839 213 4901 *)
230 4841 331 4912 literis,
349 4853 416 4892 auro
436 4840 502 4890 mos
520 4839 596 4891 datis.
620 4852 645 4888 s.
663 4837 764 4887 Raram.
782 4839 903 4899 poemata
921 4837 992 4886 Tam.
1012 4834 1031 4886 1.
1050 4835 1083 4886 ad
1100 4837 1208 4886 calcem.
1219 4813 1286 4966 fl
1319 4762 1458 4899 326
