3242 5356
841 351 887 422 58

138 699 144 727 ,
205 651 288 704 mm
313 628 556 727 cognitionem
583 635 620 699 et
645 627 849 718 scientiam,
878 651 923 702 ne
950 651 1191 727 praepropera
1217 628 1264 702 ad
1290 627 1422 702 altiora
1449 653 1528 704 oon·

204 766 378 856 tentione,
411 760 505 837 Icari
531 764 658 853 instar,
693 761 732 833 in
759 763 908 862 pelagus
936 763 1262 861 praecipitarentur
1288 763 1528 862 ignorantiae:

203 897 435 997 gymnasium
459 899 530 972 hoc
557 895 714 996 aperuit,
743 895 854 996 idque
874 908 910 970 et
935 895 1230 996 praeceptoribus
1257 898 1434 972 instruxit
1454 899 1529 974 ido·

204 1034 296 1121 nats,
325 1035 389 1131 qui
406 1033 538 1108 studiis
566 1031 781 1106 discentium
802 1057 884 1104 cum
913 1035 952 1104 in
970 1030 1205 1130 paedagogio,
1233 1043 1313 1107 tum
1339 1035 1378 1108 in
1398 1033 1530 1107 doctri·

204 1193 272 1242 nae
298 1167 469 1267 publicae
494 1167 690 1256 auditorio,
719 1165 879 1240 fideliter
904 1176 1124 1265 praeessent,
1155 1176 1191 1240 et
1216 1167 1409 1268 stipendiis
1430 1169 1533 1242 auxit

203 1301 464 1402 locupletibus,
492 1319 529 1376 et
554 1300 726 1399 speciosis
752 1300 937 1376 aedibus.“
1423 1391 1426 1400 Ι

305 1437 425 1512 Aedes
457 1437 635 1536 gymnasii
671 1439 868 1536 speciosae,
904 1460 1058 1534 quarum
1094 1437 1153 1510 hic
1186 1439 1411 1512 mentionem
1444 1439 1533 1512 fecit

203 1569 439 1664 Bersmanus,
467 1572 573 1646 aedes
601 1579 704 1644 erant
730 1571 894 1645 coenobii
924 1567 993 1644 Sat.
1022 1569 1181 1662 Ioannis,
1210 1573 1247 1645 in
1277 1595 1349 1672 qno
1375 1574 1531 1647 antehae

104 1685 109 1694 Ι
203 1707 373 1782 monachi
399 1705 627 1780 Franciscani
655 1704 862 1795 alebantur,
891 1731 1000 1804 qua-m
1028 1707 1177 1803 quidem
1205 1731 1282 1780 rem
1309 1706 1533 1782 Bersmanus

203 1867 347 1941 quoquo
374 1841 580 1941 designavit
600 1842 773 1931 carmina,
800 1839 977 1916 hocloco
1004 1841 1288 1940 haudquaquam
1313 1845 1533 1918 omittendo:

278 2253 307 2302 u
327 2252 506 2304 aranearum
525 2249 674 2304 umarus
691 2249 879 2307 nxr'nucruu
896 2255 937 2304 aa
955 2255 1014 2306 rm.
1033 2254 1072 2306 nr
1092 2252 1289 2306 osurnosrss.
1308 2241 1455 2304 rmnorrn

608 2352 761 2404 rosemuo
779 2352 918 2404 caustro
938 2354 1125 2406 auricomo.

764 2525 969 2534 ..uam-...m—

10 2614 73 2779 ῐζ
94 2593 196 2798 (sd,
217 2638 320 2776 m:
372 2655 451 2724 Haec
472 2675 562 2722 rosae
587 2653 751 2740 quondam
773 2654 910 2722 fratrum
933 2655 1068 2722 fundata
1091 2669 1223 2723 catervae

36 2795 40 2805 '
81 2799 99 2852 l
413 2774 524 2860 Atque
547 2773 747 2860 cuculligero
769 2783 856 2840 tecta
879 2774 986 2839 dicata
1007 2779 1109 2862 gregi,

371 2892 539 2960 Aonidum
561 2894 686 2959 addixit
704 2893 849 2980 templis,
874 2889 1071 2982 Christoque
1095 2898 1244 2968 sacravit,

414 3011 563 3076 Ascaniae
585 3011 744 3098 Princeps
767 3009 867 3084 fama,
891 3009 1056 3094 decusque
1081 3011 1210 3086 domus:

373 3127 427 3193 Sic
450 3127 491 3194 de
515 3131 694 3215 tergemino
718 3130 852 3192 meritus
875 3128 1060 3213 praeclarius
1083 3129 1178 3202 orbe,

414 3243 469 3310 Sic
492 3246 589 3311 rebus
611 3250 723 3333 patriae
746 3245 917 3312 commoda
937 3245 1033 3332 plura
1054 3246 1171 3312 ferens.

374 3361 482 3443 Quam
505 3385 594 3439 cum,
617 3365 764 3452 pervigili
787 3363 921 3429 Alcides
944 3363 1078 3430 custode
1101 3375 1264 3451 peremta,

414 3479 560 3546 Abstulit
582 3481 622 3546 ad
644 3486 766 3568 patrios
790 3505 887 3547 aurea
908 3505 1006 3568 poma
1028 3483 1119 3548 lares.

371 3598 524 3682 Denique
547 3601 592 3664 sic
615 3603 723 3687 magni
747 3622 930 3666 mensuram
953 3602 1091 3664 nominis
1115 3601 1269 3686 implens,

413 3717 541 3790 Ascane
565 3718 653 3802 quod
676 3721 782 3803 primo
805 3717 846 3782 <le
869 3720 1015 3803 genitore
1038 3717 1148 3784 refert.

374 3832 466 3901 Salve
488 3834 660 3900 Musarum
683 3858 756 3922 spes
780 3857 816 3900 ae
836 3833 973 3900 Pietatis
995 3837 1119 3923 asylum

417 3951 491 4034 Quo
515 3953 633 4017 florent
654 3952 750 4018 urbes
773 3955 920 4037 praeside,
943 3953 1076 4040 templa,
1100 3956 1228 4022 schola.
