3242 5356
760 283 967 414 *ip-

208 565 504 648 Melsnebibonis
527 589 654 646 manes
693 565 817 644 dirum
854 568 957 646 nefas
982 566 1176 659 admittet
1212 565 1285 643 sibi
1316 564 1527 644 videbatur.

211 701 307 780 Nem
338 712 464 780 contra
495 703 674 779 rationem
706 727 814 780 nemo
846 727 971 797 sanus,
1011 712 1137 780 contm
1169 703 1386 805 scriptarum
1419 723 1530 778 neme

186 839 432 953 ,christianus
463 839 589 931 sentit,
624 846 661 914 ei
692 845 818 926 contra
843 837 1100 915 conscientiam
1132 861 1239 914 nemo
1264 835 1403 939 probus
1430 837 1530 938 quic·

211 999 322 1078 quam
348 973 485 1066 dicere,
518 972 582 1048 vel
607 973 730 1050 facere
752 974 862 1067 solet,
888 981 932 1049 ut
956 980 1083 1048 auctor
1108 981 1163 1048 est
1187 973 1279 1080 pius,
1289 970 1529 1074 Augustinus.

214 1105 286 1186 Sed
324 1109 482 1184 rationes
521 1107 772 1201 afferentibus,
816 1131 928 1208 quare
971 1107 1140 1210 dogmate
1177 1104 1372 1184 Formulae
1410 1107 1532 1186 multe

210 1244 365 1348 probare
403 1267 478 1320 non
510 1252 673 1344 possent,
712 1241 881 1320 Andreae
913 1251 950 1320 et
983 1238 1222 1318 Selneccerus
1249 1242 1469 1344 simpliciter
1493 1267 1534 1320 se

213 1405 289 1483 non
315 1377 494 1472 discendi,
527 1373 593 1470 'sod
619 1377 774 1456 docendi
800 1403 909 1455 causa
933 1381 1077 1486 venisse
1108 1377 1328 1477 respondere
1352 1379 1533 1472 solebant,

212 1539 254 1592 ac
280 1517 311 1590 si
339 1513 421 1616 quis
448 1511 662 1614 reprobatae
686 1513 724 1587 in
751 1513 819 1588 ille
836 1509 1012 1590 Formula
1030 1511 1324 1590 Melanchthonis
1343 1513 1533 1590 doctrinae

209 1675 360 1756 gravem
392 1647 614 1724 mentionem
644 1648 795 1741 faceret,
836 1648 957 1724 dicere
987 1673 1062 1724 non
1087 1649 1325 1742 verebantur,
1365 1647 1531 1751 „Philip-

209 1812 301 1890 pum
335 1783 482 1884 quidem
515 1781 647 1857 studiis
683 1782 949 1885 philosophicis
982 1793 1019 1858 et
1050 1783 1222 1858 litorariis
1254 1783 1419 1858 multum
1450 1809 1534 1886 pro·

208 1923 338 2014 fuisse,
371 1894 453 1996 sed¹
469 1941 573 1993 secus
606 1941 684 1992 esse
710 1917 751 1993 in
781 1918 1012 2020 theologicis:
1044 1920 1135 2012 „sic
1153 1915 1387 1995 Salomonem
1419 1922 1532 2022 scrip

209 2059 300 2162 sisse
331 2055 450 2129 multa
475 2051 608 2152 spiritu
634 2053 846 2152 prophetico
873 2062 1057 2128 ettamen
1083 2053 1122 2128 in
1149 2061 1294 2129 senecta
1317 2055 1534 2156 prolapsum

126 2283 129 2293 Ι
207 2194 248 2268 in
280 2158 519 2281 idiolatriam,
559 2194 602 2261 ut
639 2186 740 2262 salus
779 2187 894 2289 ipsius
932 2191 972 2262 in
1012 2187 1126 2264 dubio
1165 2189 1214 2264 sit
1222 2185 1296 2286 “¹').
1348 2185 1534 2268 Caveruni

209 2337 334 2404 tamen
352 2322 600 2424 inquisitores,
636 2346 683 2398 ne
708 2332 893 2399 recreatae
918 2322 1195 2424 subscriptionis
1212 2349 1368 2424 poenam
1388 2351 1409 2400 a
1426 2325 1534 2404 Bers-
1572 2357 1578 2368 ·

210 2485 335 2554 mano,
361 2437 543 2534 Electoris
569 2460 696 2535 favore
720 2459 882 2550 munito,
908 2460 1076 2559 protinus
1103 2468 1278 2552 sumeret,
1305 2460 1371 2536 sad
1390 2463 1533 2539 incolu-

209 2621 294 2672 men
333 2619 419 2670 eum
458 2593 685 2669 dimiserunt.
739 2589 788 2666 Et
819 2593 1016 2670 incolumis
1042 2595 1143 2670 idem
1168 2603 1265 2670 statu
1294 2619 1360 2671 suo
1386 2599 1533 2693 mansii,

210 2733 326 2808 donec
359 2753 453 2804 anno
483 2724 698 2804 MDLXXX
722 2751 848 2804 meuse
879 2727 985 2805 Iunio
1011 2730 1173 2806 formula
1198 2725 1423 2808 Concordiae
1450 2757 1536 2812 cum

210 2867 338 2942 ceteris
371 2863 544 2940 ecclesiae
577 2861 808 2939 Luthersnae
842 2864 1021 2966 symbolis
1057 2890 1099 2941 ea
1133 2865 1216 2966 lege
1247 2865 1436 2967 publicata
1470 2879 1535 2965 esi,

208 3011 265 3095 ut,
292 3009 482 3100 tamquam
508 2998 724 3099 imperatrix
750 2999 948 3100 religionis,
975 3025 1129 3102 reguum
1153 3009 1293 3076 teneret
1319 3025 1364 3078 ne
1390 3002 1534 3080 homini

211 3136 378 3237 quidem,
412 3132 549 3208 nedum
575 3129 782 3210 Christiano
814 3134 1019 3210 tolerabile.
1073 3135 1177 3211 Tunc
1209 3137 1360 3212 demum
1385 3149 1536 3240 propter

211 3279 426 3374 perpetuum
458 3269 564 3343 illius
596 3269 779 3346 formulae
811 3271 1103 3371 repudiationem
1135 3269 1357 3348 Bersmanus
1388 3273 1472 3352 loco
1500 3285 1536 3368 ei

208 3429 361 3514 munere
381 3404 615 3504 professionis
635 3404 808 3506 publicae
828 3416 990 3482 remotus
1011 3400 1138 3503 est,”)
1165 3432 1207 3482 ea
1225 3415 1348 3482 tamen
1368 3408 1416 3484 ab
1428 3407 1534 3486 Elec·

209 3552 288 3618 tere
307 3523 399 3616 ‘data
425 3541 548 3634 venia,
574 3542 682 3616 utin
708 3541 800 3618 urbe
827 3539 952 3643 Lipsia
969 3565 1118 3619 manera
1144 3543 1215 3644 ipsi
1234 3543 1371 3619 liceret
1425 3539 1536 3636 Quod

211 3702 294 3753 cum
332 3674 593 3751 molestissime
632 3676 769 3753 ferrent
808 3675 964 3753 Iacobus
1002 3674 1173 3754 Andreae
1213 3685 1249 3752 et
1288 3672 1534 3775 Selneccerur,

208 3811 337 3890 hosh‘li
364 3810 485 3886 animo
513 3812 790 3910 quaesiverunt,
818 3836 890 3912 quo
916 3809 1160 3896 Bersmanum
1185 3816 1225 3892 in
1245 3837 1325 3892 eam
1344 3816 1534 3894 necessita·

212 4029 522 4046 ..nn—-n-——u--n-

278 4171 308 4235 ¹⁸¹)
325 4188 350 4225 v.
368 4171 514 4240 hospinisri
531 4172 628 4225 librum
646 4171 813 4240 „coheredis
830 4163 954 4226 discors“
971 4175 1017 4226 iol.
1036 4175 1094 4226 iss.
1114 4173 1195 4236 ouum
1213 4176 1382 4229 temerarium
1394 4189 1458 4230 vera
1471 4179 1533 4231 ine·

209 4261 244 4312 rit
261 4261 316 4312 tale
335 4261 459 4324 Illorum,
478 4261 522 4322 qui
540 4259 646 4310 lutheri
662 4260 767 4311 nomine
784 4271 814 4310 se
831 4261 978 4324 hristum,
997 4261 1120 4313 tedisium
1137 4262 1228 4314 ridear
1246 4273 1277 4312 ex
1294 4262 1334 4312 his
1352 4261 1385 4312 ab
1402 4264 1460 4330 ipro
1478 4263 1530 4316 Ln-

208 4347 283 4397 tbero
307 4347 345 4397 iia
369 4346 401 4395 de
418 4343 534 4411 Philippo
559 4358 606 4396 sno
634 4345 755 4410 seriptis:
791 4345 921 4414 „Philippi
939 4348 1084 4413 positiones
1101 4346 1189 4397 vidisti
1206 4353 1251 4400 snt
1268 4361 1338 4398 nune
1355 4349 1429 4400 vides
1447 4351 1531 4402 auda·

209 4433 299 4498 cules,
323 4431 372 4481 sed
388 4431 549 4482 verissimus.
583 4431 622 4482 lia
640 4433 783 4498 respondit,
801 4438 832 4483 nt
849 4433 968 4486 omnibus
986 4433 1152 4484 nobis-esset
1168 4433 1205 4498 id,
1223 4434 1343 4501 quodasi,
1360 4435 1463 4486 scutati
1480 4438 1530 4489 mi·

208 4518 336 4572 menium.
371 4514 534 4568 sicinnistas
558 4518 725 4584 dignemint,
749 4520 846 4570 multos
872 4520 917 4569 ilie
934 4519 1058 4570 Marinus
1075 4518 1227 4586 praestabit,
1245 4520 1349 4573 diabolo
1368 4524 1394 4570 et
1411 4521 1529 4576 soboles·

208 4605 277 4656 tioae
300 4603 450 4666 theologiae
472 4605 669 4669 potentissimus
692 4605 783 4657 hosds.
818 4604 892 4656 Novit
914 4605 1020 4656 iliorum
1045 4615 1131 4668 unges
1155 4605 1234 4656 simui
1258 4609 1284 4656 ei
1301 4603 1397 4656 christi
1414 4612 1530 4673 petram

209 4690 269 4741 ideo
286 4693 379 4754 poiens
396 4691 493 4753 poterit
509 4683 641 4757 „iimsn‘i
659 4691 693 4741 ei.
710 4691 783 4741 Luih.
803 4703 843 4756 ep.
861 4691 924 4742 'rom
941 4689 962 4740 1.
979 4705 1005 4756 p.
1019 4690 1079 4741 210.

262 4787 309 4854 **)
325 4791 353 4842 td
372 4791 441 4861 quod
461 4790 656 4846 etiamsinon
675 4791 779 4859 Sienio,
797 4791 897 4846 ierem
916 4790 989 4846 affini
1006 4790 1109 4844 cumdii.
