3328 5348
751 265 796 340 al

664 371 868 388 ...μη-..ἠ

219 537 346 641 Neque
372 563 547 641 umquam
573 542 647 636 illi,
681 544 779 642 quod
812 543 1087 618 matrimonium
1118 543 1273 636 iniisset,
1307 544 1428 643 poeni·

113 677 269 752 tendum
294 677 380 770 fuit,
408 677 704 776 quandoquidem
730 679 870 754 alterno
897 702 1020 752 amore
1047 687 1083 752 et
1108 679 1322 756 suavissima
1348 704 1429 754 con·
1457 725 1461 736 ·

113 813 238 888 cordia
264 838 349 887 cum
376 837 490 888 uxore
516 813 729 888 coniunctus
750 811 789 908 et]
803 813 959 888 subinde
980 814 1107 888 liberis
1128 839 1271 914 quoque
1292 825 1429 908 auctus,

112 951 230 1025 vitam
263 974 366 1023 suam
399 949 634 1023 domesticam
666 957 741 1020 tam
777 949 933 1026 feliciter
967 949 1190 1024 efflorescere
1222 949 1332 1043 vidit,
1377 960 1430 1043 ut,
1542 1044 1544 1052 Α

112 1087 176 1184 qui
209 1086 319 1160 modo
352 1084 510 1183 coniugii
539 1091 738 1157 contemtor
769 1109 845 1158 esse
870 1082 1072 1176 videretur,
1113 1084 1212 1158 idem
1242 1085 1316 1158 iam
1343 1084 1429 1159 duo·

110 1219 180 1295 bus
208 1220 313 1294 annis
339 1229 420 1318 post
445 1218 528 1292 aliis
555 1218 653 1292 illud
679 1218 801 1317 ipsum
828 1218 1106 1294 commendaret.
1148 1216 1255 1309 Quod
1282 1220 1431 1318 quidem

108 1357 198 1431 fecit
232 1357 271 1430 in
304 1356 537 1454 praefatione,
579 1379 687 1453 quam
721 1354 767 1427 ad
793 1349 941 1427 Claudii
971 1351 1143 1428 Baduelli
1176 1354 1316 1429 librum
1355 1355 1431 1448 „de

108 1493 252 1566 ratione
285 1491 381 1566 vitae
414 1489 597 1564 studiosae
630 1491 669 1562 in
702 1489 934 1562 matrimonio
960 1488 1194 1564 collocandae
1228 1517 1269 1565 ao
1301 1490 1429 1590 degen-

109 1629 203 1703 dae“
231 1626 386 1726 scripsit.
436 1623 597 1698 Accessit
623 1624 668 1697 ad
695 1623 789 1698 hanc
814 1624 1027 1699 felicitatem
1054 1624 1303 1718 domesticam,
1332 1624 1430 1726 quod

108 1761 238 1838 Simon
270 1762 336 1837 illc
363 1758 521 1852 Stenius,
562 1759 625 1857 qui
656 1768 735 1832 tum
767 1761 876 1833 etiam
901 1757 1088 1834 Professor
1115 1758 1313 1860 Lipsiensis
1344 1770 1430 1854 erat,

109 1901 252 1998 aliquot
278 1898 381 1970 annis
407 1906 488 1995 post
514 1894 712 1968 Rebeccam
728 1895 966 1984 Helboraiona
995 1919 1157 1972 sororem
1182 1897 1307 1970 uxoris
1325 1893 1428 1970 Bers-

109 2036 224 2126 mani,
259 2030 492 2106 matrimonio
518 2027 588 2102 sibi
616 2029 797 2120 adiunxit,
838 2029 936 2102 unde
963 2031 1099 2121 evenit,
1139 2040 1181 2103 ut
1208 2032 1271 2130 qui
1297 2031 1428 2104 studiis
1510 2037 1511 2040 ’
1548 2125 1550 2130 ,

110 2181 143 2243 et
168 2169 332 2244 amicitia
358 2192 380 2239 a
405 2168 527 2265 pueris
554 2163 669 2238 iuncti
696 2173 827 2255 essent,
855 2164 1029 2238 affinitate
1049 2167 1158 2240 etiam
1179 2169 1426 2266 iungerentur.
1568 2239 1571 2245 A
1619 2241 1624 2262 ἦ

109 2301 260 2403 „Nupta
287 2310 341 2377 est
365 2297 527 2376 Rebecca
553 2293 691 2392 Stenio,
724 2301 774 2374 ita
789 2277 1017 2376 'Bersmanus
1044 2289 1177 2376 iubilat
1202 2302 1238 2374 in
1267 2303 1427 2377 carmine
1504 2271 1505 2276 Ἰ

110 2437 356 2538 epithalamio,
1370 2431 1371 2436 ’

300 2733 397 2800 Illinc
418 2735 561 2812 virorum
583 2732 750 2807 sardonix,
775 2733 849 2798 hinc
873 2736 1049 2818 margarita¹
1065 2737 1238 2821 virginum,
1444 2701 1508 2848 77!
1517 2708 1595 2884 2⁸23

298 2829 461 2924 Ausere
488 2853 559 2936 quis
582 2851 662 2918 haec
683 2859 842 2938 perneget
865 2851 958 2918 coelo
980 2835 1066 2919 coire
1089 2853 1244 2921 foedera?

110 3201 300 3278 Praeterea
326 3227 417 3302 quae
444 3203 490 3278 de
516 3203 689 3278 felicitate
720 3203 866 3302 piorum
901 3203 1095 3304 coniugum
1130 3205 1323 3297 sentiebat,
1354 3206 1422 3280 hac

110 3338 283 3422 indicavit
308 3335 446 3412 Psalmi
474 3337 660 3413 centesimi
687 3339 853 3438 vigesimi
881 3339 1000 3415 octavi
1027 3338 1285 3438 descriptione:

186 3744 217 3812 0
242 3755 291 3812 ter
312 3744 457 3819 beatum,
483 3747 538 3830 qui
560 3747 652 3810 timet
835 3745 882 3812 Ta
905 3747 975 3810 vitis
998 3749 1113 3822 instar,
1135 3748 1273 3834 prodigo

144 3862 227 3928 Toto
251 3861 403 3928 Ichovam
425 3873 569 3950 pectore,
791 3863 921 3930 Coniux
944 3864 1054 3930 beabit
1075 3869 1233 3952 germine,

142 3979 257 4066 Neque
280 3983 380 4066 ipsius
403 3980 444 4046 dc
467 3969 579 4048 semita
790 3981 936 4050 Domum
958 3982 1119 4048 ambiente
1143 3993 1177 4047 ct
1197 3981 1340 4078 fercula,

144 4095 264 4163 Errare
287 4099 387 4164 flectit
410 4097 511 4163 devio.
793 4098 912 4182 Quales
935 4094 1036 4170 olivae
1059 4099 1220 4168 termites?
1387 4071 1391 4087 .

186 4399 233 4464 Te
256 4398 406 4464 dexterae
429 4396 521 4462 labor
541 4405 615 4462 tuae
830 4401 920 4468 Haec
943 4423 1059 4487 nempe
1081 4386 1162 4466 ritae
1186 4401 1355 4466 commoda

146 4513 275 4589 Pascet,
297 4514 405 4582 favore
428 4518 581 4581 numinis:
789 4517 927 4584 Manent
948 4521 1114 4585 timentem
1136 4523 1287 4594 numinis,

146 4631 348 4719 Rerumque,
372 4655 449 4717 quas
472 4637 573 4720 geris,
596 4632 655 4700 tibi
791 4633 882 4702 Haeo
904 4637 989 4700 inter
1010 4641 1079 4724 ipse
1102 4637 1220 4724 gaudia

125 4747 295 4826 ,Secunda
316 4751 433 4821 cedent
454 4756 570 4821 onmia.
788 4752 915 4821 Aenum
938 4753 1049 4823 beatus
1071 4759 1235 4844 transigat.
