3242 5356
854 313 903 384 34

773 401 1028 427 Μ..

175 561 180 574 ’
220 593 368 696 quibus,
409 613 500 688 quae
538 589 632 662 inter
664 588 762 688 ipsos
795 601 833 666 et
865 577 1068 668 Lutherum
1101 589 1147 664 de
1183 613 1285 666 sacra
1319 613 1430 668 coena
1464 603 1539 666 erat

219 727 410 816 dissensio,
438 723 477 796 in
504 723 668 797 omnium
694 724 821 798 oculos
847 725 1011 800 incurrit.
1065 723 1243 816 Accessit,
1270 725 1370 824 quod
1400 727 1539 822 Oropus

174 917 180 929 .
220 865 397 936 Procerus
423 857 604 948 medicus,
637 883 749 958 gener
774 857 1086 949 Melanchthonis‚
1122 859 1259 958 aliique
1286 857 1539 962 Philippistae,

219 1021 375 1098 quorum
409 993 571 1068 maxima
603 997 789 1067 tumeret
822 997 861 1068 in
888 996 989 1070 curia
1014 991 1193 1070 Electoris
1220 997 1433 1089 auctoritas,
1462 997 1541 1074 eius

219 1157 362 1232 quoque
390 1085 535 1240 conlidi
554 1135 719 1202 auctores
744 1129 856 1206 fuisse
883 1130 1119 1231 putabantur,
1147 1155 1219 1229 quo
1232 1127 1421 1232 Augustus
1435 1128 1540 1208 Elec·

217 1278 275 1340 tor
301 1289 395 1341 anno
412 1215 642 1390 rfflxxlss
670 1263 707 1336 in
725 1259 882 1339 Saxonis
897 1261 1135 1354 Vimariensi,
1164 1265 1268 1342 cuius
1294 1267 1450 1342 tutelam
1476 1267 1539 1342 ad·

217 1399 464 1490 ministrabat,
498 1408 644 1476 centum
676 1397 820 1474 circiter
845 1398 1035 1478 Flacianos
1064 1423 1216 1476 munere
1242 1425 1282 1474 se
1307 1401 1479 1477 abdicare
1505 1413 1542 1477 et

217 1537 367 1612 exulare
406 1535 567 1609 iusserat.
627 1527 706 1623 Qua
739 1557 777 1610 re
812 1559 921 1634 quam
952 1536 1115 1612 maxime
1149 1535 1355 1612 exacerbati
1384 1539 1541 1638 antesig-

217 1673 303 1747 nani
328 1670 441 1744 huius
467 1667 651 1758 factionis,
683 1666 838 1744 Lutheri
868 1693 1003 1746 nomen
1028 1695 1114 1770 prae
1141 1695 1180 1745 se
1206 1673 1379 1763 ferentes,
1414 1673 1540 1749 classi·

217 1831 302 1882 cum
341 1825 485 1894 canere,
526 1825 630 1878 aures
670 1803 876 1904 principum
915 1829 1125 1904 personare,
1170 1803 1377 1884 Electcrem
1415 1811 1541 1908 ipsum

217 1952 318 2017 metu
350 1940 470 2013 laesae
503 1937 591 2011 fidei
624 1935 770 2013 afficere
810 1949 847 2013 et
883 1921 1122 2014 conscientiae
1162 1966 1294 2042 angore
1325 1942 1540 2038 sollicitare,

163 2125 166 2132 ·
217 2102 284 2150 nec
315 2071 584 2148 declamitando
617 2071 655 2144 in
681 2067 1045 2148 Melanchthonianos
1078 2075 1180 2172 prius
1207 2073 1394 2169 desistere,
1426 2103 1540 2178 quem

76 2225 88 2258 ¹
216 2213 282 2287 hos
315 2235 337 2283 a
366 2206 538 2281 formulis
570 2206 755 2282 doctrinae
788 2207 1017 2309 evangelicae
1052 2205 1212 2283 Luthero
1238 2211 1401 2309 probatis
1427 2212 1540 2314 longe

215 2346 423 2434 recessisse,
463 2350 498 2414 et
530 2341 577 2414 ad
609 2347 726 2416 castra
755 2336 1055 2418 carintanorum
1085 2345 1253 2419 transiise
1285 2345 1538 2424 illustrissimo

216 2479 421 2579 Augusto
456 2476 727 2574 persuasissent.
782 2473 862 2566 Quo
895 2475 961 2552 ubi
994 2501 1050 2552 res
1078 2501 1172 2551 anno
1198 2475 1431 2556 MDLXXIV
1457 2507 1539 2582 per·

215 2624 381 2705 venerat,
412 2620 515 2686 tanta
540 2621 691 2711 repente
718 2612 756 2687 in
783 2615 884 2688 curia
909 2607 1089 2688 Electoris
1115 2616 1349 2690 commutatio
1382 2627 1540 2717 sequuta

216 2761 285 2843 est,
319 2760 363 2824 ut
392 2745 575 2844 Peucerus
608 2757 644 2821 et
675 2747 756 2840 alii,
798 2771 955 2848 quorum
985 2747 1178 2823 fraudibus
1203 2746 1378 2852 Princeps
1408 2777 1448 2827 se
1476 2753 1537 2828 de

216 2895 362 2985 ceptum
402 2907 478 2956 esse
518 2881 683 2980 putabat,
726 2883 764 2955 in
804 2903 966 2958 carceres
1005 2883 1287 2976 coniicerentur,
1328 2887 1393 2962 alii
1425 2889 1539 2963 etiam

216 3018 472 3116 Philippicae,
500 3017 672 3114 quoniam
697 3016 883 3107 formulis,
911 3015 1113 3090 doctrinam
1131 3015 1427 3096 Melanchthonis
1453 3047 1536 3122 pro·

215 3150 470 3242 scribentibus,
498 3149 728 3226 subscribere
755 3159 1024 3240 recusaverant,
1052 3153 1309 3251 relegarentur.

803 3806 932 3928 XV.

316 4100 417 4194 Quae
434 4127 519 4180 cum
537 4104 587 4176 ita
605 4101 847 4199 inopportune
861 4098 1043 4190 caderent,
1071 4099 1181 4174 etiarn
1195 4097 1392 4178 Bersmano
1406 4115 1530 4181 nostro

213 4241 333 4316 omnis
357 4263 440 4338 spes
470 4237 614 4314 ademta
646 4258 723 4310 esse
749 4233 956 4322 videbatur,
990 4233 1084 4324 fore,
1111 4242 1154 4306 ut
1185 4235 1442 4334 suffragatione
1467 4265 1529 4320 Qu.

215 4377 289 4453 riae
320 4372 539 4462 electoralis,
581 4367 812 4474 Philippistis
838 4367 1094 4458 alienissimae,
1136 4368 1174 4442 in
1201 4370 1419 4469 ampliorem
1442 4396 1529 4472 ,gna

214 4509 304 4585 dum
341 4509 610 4606 proveheretur.
674 4501 846 4576 Attamen
882 4497 1054 4576 Summus
1094 4523 1216 4576 rerum
1250 4506 1416 4582 omnium
1449 4504 1526 4584 Mo·

213 4645 375 4734 demur,
417 4666 525 4742 quem
561 4641 657 4716 sicut
689 4641 787 4714 rivos
824 4659 1017 4736 aquarum,
1057 4638 1109 4711 ita
1146 4637 1354 4736 principum
1387 4641 1530 4720 animos

214 4767 335 4882 regere
354 4778 553 4876 scriptura
585 4797 687 4852 sacre
723 4772 930 4864 confirmat,
970 4768 1149 4846 Electcris
1183 4797 1325 4872 quoque
1362 4776 1528 4854 animum
