3328 5348
877 326 922 400 16

236 599 375 700 cius*):
408 599 527 695 „Novi
552 601 716 703 vigorem
742 603 880 703 ingenii
905 604 978 697 tui,
1010 605 1098 681 novi
1125 605 1299 680 eximiam
1324 589 1483 680 naturae¹
1502 605 1553 681 fa·

225 737 429 836 ¹caritatem
456 746 590 836 quanto
617 745 742 815 autam
767 761 890 815 amore
916 740 1073 814 tenearis
1104 741 1325 839 optimarum
1356 740 1493 812 artium
1520 749 1554 813 et

235 873 396 965 virtutis,
423 872 502 972 ipse
526 871 629 949 testis
654 895 732 946 esse
757 895 917 972 possum.
969 871 1048 948 Iam
1073 882 1197 949 autam
1223 899 1307 948 cum
1332 873 1490 950 verseris
1516 874 1555 946 in

236 1034 279 1084 ea
303 979 465 1098 natione,
493 1029 515 1079 a
541 1031 613 1106 qua
638 1006 905 1082 humanitatem
930 978 995 1081 nos
1022 1008 1226 1108 accepimus
1253 1016 1289 1084 et
1315 1031 1407 1107 quae
1435 1014 1555 1080 custos

235 1143 407 1242 antiquae
445 1139 642 1239 sapientiae
681 1163 824 1240 semper
854 1143 941 1234 fuit,
982 1164 1055 1216 non
1088 1141 1235 1235 dubito,
1269 1144 1359 1241 quin
1393 1149 1430 1216 et
1460 1141 1556 1214 inter

235 1286 379 1352 nostros
403 1273 572 1350 homines
604 1275 781 1368 excellas,
815 1285 851 1350 et
884 1277 1017 1352 extens
1051 1299 1195 1376 quoque
1220 1283 1344 1376 gratus
1372 1282 1408 1348 et
1433 1297 1555 1374 accep·

236 1421 297 1486 tus
328 1434 405 1486 esse
436 1409 598 1508 incipias.
649 1406 766 1484 Volui
792 1419 916 1486 autem
944 1433 1042 1486 nunc
1073 1435 1154 1485 mea
1181 1433 1326 1510 quoque
1351 1409 1555 1484 hortation-

238 1546 323 1622 cula
354 1569 421 1645 pro
454 1567 577 1618 amore
602 1568 686 1619 meo
712 1567 797 1644 erga
820 1554 857 1620 te
884 1546 987 1646 quasi
1015 1545 1135 1622 calcar
1158 1545 1311 1639 addere,
1344 1553 1387 1618 ut
1411 1545 1452 1619 id
1477 1567 1557 1644 per-

236 1681 340 1755 ficias
365 1677 547 1754 industria
573 1686 611 1752 et
636 1679 852 1773 constantia,
880 1679 979 1780 quod
1004 1705 1064 1754 me
1090 1689 1236 1755 auctore
1260 1679 1366 1754 fideli
1392 1687 1431 1753 et
1454 1680 1558 1756 aviae

236 1823 322 1890 tuae
359 1812 507 1887 monitis
545 1814 798 1906 sanctissimis,
837 1813 958 1888 adhuc
997 1838 1090 1913 puer
1126 1814 1315 1889 inchoasti.
1375 1815 1559 1890 Accusare

240 1957 583 2047 autemtepossem,
611 1947 710 2046 quod
729 1948 905 2024 hactenus
930 1947 1028 2024 nihil
1052 1949 1258 2050 scripseris,
1285 1949 1350 2024 sed
1374 1949 1415 2023 id
1439 1951 1560 2023 facere

238 2083 322 2158 ideo
354 2083 458 2176 nole,
492 2081 578 2180 quia
609 2090 648 2155 te
679 2105 785 2182 spero
818 2082 970 2183 posthac
1000 2080 1145 2158 crebras
1176 2084 1294 2184 magis
1327 2093 1363 2158 et
1394 2084 1561 2182 prolixas
1645 2185 1646 2188 Ἴ

242 2242 320 2293 esse
345 2217 556 2292 missurum.
609 2212 811 2316 Cupiditati
845 2226 969 2292 autem
993 2241 1097 2292 meae
1123 2241 1257 2316 quaeso
1282 2226 1326 2292 ut
1351 2219 1562 2310 satisfacias,
1645 2205 1646 2236 ³

240 2363 277 2428 et
295 2352 447 2428 deviris
474 2352 591 2428 doctis
598 2407 608 2444 ,
635 2352 700 2451 qrii
727 2377 824 2426 nunc
850 2353 931 2427 istic
955 2351 1104 2445 florent,
1131 2353 1255 2426 omnia
1280 2352 1562 2452 diligentissime

240 2487 461 2588 perscribas,
488 2488 528 2562 in
553 2487 683 2586 primis
708 2486 755 2561 de
782 2487 896 2560 Paulo
921 2488 1099 2578 Munatio,
1136 2487 1267 2561 Carula
1288 2489 1455 2582 Siqoaio,
1484 2487 1562 2560 Pe-

242 2632 298 2698 tro
329 2625 497 2714 Victoria,
525 2623 589 2723 qui
614 2621 687 2698 viri
712 2621 906 2696 literarum
931 2630 1137 2697 nostrarum
1162 2623 1364 2723 principes,
1393 2624 1497 2722 quasi
1525 2625 1565 2698 in

243 2755 441 2835 Germania
470 2756 695 2848 habitarent,
728 2756 779 2830 ita
811 2759 850 2830 in
883 2779 946 2830 ore
978 2765 1088 2855 atque
1113 2779 1280 2833 sermone
1307 2759 1473 2832 omnium
1497 2759 1563 2832 ho

241 2894 387 2969 minum
411 2895 636 2969 versanuu.“

815 3613 984 3735 VHI.

347 3945 416 4022 His
449 3956 485 4021 et
523 3945 606 4020 aliis
642 3943 856 4020 huiusmodi
889 3941 1207 4018 adhortationibus
1243 3942 1449 4042 plurimum
1483 3971 1569 4022 auc-

246 4082 402 4159 toritatis
432 4080 583 4156 accessit
614 4104 661 4154 ex
701 4104 760 4173 eo,
793 4079 892 4178 quod
918 4075 1106 4182 Fabricius
1144 4079 1222 4176 ipse
1255 4078 1451 4178 aliquando
1484 4081 1570 4157 lite·

247 4243 371 4294 rarum
397 4216 593 4291 stantium
618 4215 834 4315 politiorum
860 4237 968 4288 causa
993 4211 1137 4288 Italiam
1162 4212 1466 4312 perlustraverat,
1496 4215 1570 4291 Ro·

246 4377 346 4428 mam
376 4374 492 4450 usque
526 4373 746 4451 progressus.
799 4347 855 4424 De
888 4374 961 4449 quo
987 4349 1055 4424 ille
1081 4349 1316 4449 postmodum
1341 4350 1462 4424 multa
1486 4376 1570 4426 nar·

248 4512 329 4562 rare
361 4485 502 4562 solebat
528 4486 720 4586 discipulis
745 4486 835 4578 suis,
871 4508 1028 4584 quorum
1054 4484 1093 4558 in
1117 4482 1288 4557 manibus
1319 4507 1464 4584 quoque
1490 4512 1570 4561 car·

208 4637 211 4644 ⁴
247 4649 332 4700 men
358 4629 452 4727 erat,
485 4619 632 4696 Romae
664 4622 812 4696 nomine
837 4620 1071 4719 inscriptum,
1106 4617 1205 4719 quod
1230 4614 1419 4693 Fabricius
1443 4621 1496 4695 ita
1521 4623 1573 4696 ad

247 4783 375 4841 versus
400 4763 590 4859 postauam
615 4765 783 4839 veterum
809 4756 1059 4858 adaptaverat,
1095 4761 1138 4829 ut
1172 4777 1386 4854 expressum
1417 4779 1463 4832 ex
1489 4757 1574 4834 illia
