3328 5348
746 256 952 378 ...e-

158 577 162 586 ,
197 536 433 614 inclarescere
471 547 667 637 coeperunt
705 537 838 632 adeo,
860 546 903 612 ut
928 535 1072 612 saeculo
1105 531 1195 610 XVI
1220 560 1331 636 quom
1356 535 1516 638 plurimi

197 672 361 772 undique
396 671 563 748 homines
580 707 584 714 ·
601 672 699 750 docti
734 682 770 748 et
806 672 960 748 studiosi
993 670 1079 745 illas
1117 672 1157 745 in
1189 681 1303 746 terras
1342 671 1518 747 advolare

23 845 52 888 o
134 792 138 798 ⁵
198 817 488 901 consuescerent,
528 817 715 907 tamquam
740 807 788 882 ad
814 809 1035 908 optimarum
1067 806 1200 882 artium
1225 806 1518 906 locupletissima

23 909 124 1002 ‘W
147 899 367 1045 V‘e‘dspbria.
421 940 577 1024 Easdem
609 967 752 1042 quoque
784 951 899 1016 terras
928 941 1149 1016 Bersmsnus
1182 940 1362 1040 petiturus
1395 942 1517 1042 primo
1560 922 1561 926 ¹

23 1063 53 1228 J!
74 1027 155 1162 lld
164 1121 173 1147 .
196 1079 350 1154 tetendit
376 1081 415 1152 in
442 1074 601 1154 Galliam
627 1078 839 1152 adhortante
865 1074 999 1151 Ioanne
1025 1073 1201 1168 Sturmio‚
1229 1100 1340 1176 quem
1366 1076 1518 1176 quidem

196 1215 320 1290 virum
357 1213 654 1288 laudatissimum
679 1210 911 1312 Argentorati
953 1211 1122 1286 convenit
1156 1219 1192 1284 et
1230 1211 1373 1287 audivit
1405 1212 1518 1287 etiam

198 1349 397 1425 docentem.
450 1345 547 1424 Hinc
578 1348 691 1448 igitur
721 1349 797 1439 via,
834 1372 908 1446 qua
937 1369 1003 1445 per
1033 1343 1307 1446 Lothoringiam
1340 1347 1380 1420 in
1410 1340 1516 1422 Cam·

196 1483 343 1583 puniam
377 1477 557 1558 Gallicam
592 1484 683 1576 itur,
722 1482 854 1557 libenti
893 1481 1014 1556 animo
1053 1503 1263 1580 progressus
1302 1481 1350 1556 ad
1385 1481 1518 1558 urbem

61 1682 65 1692 .
157 1611 439 1723 ⁴ssCatalaunum
472 1642 585 1718 prope
610 1620 729 1718 ripam
761 1617 948 1692 Matronae
987 1616 1152 1708 accessit,
1192 1614 1426 1716 breviterque
1463 1615 1518 1690 ibi

31 1715 61 1866 d,
78 1696 181 1876 ll}
197 1761 373 1846 moratus,
394 1751 577 1828 Lutetiam
596 1751 822 1827 Parisiorum
842 1777 880 1826 se
901 1749 1067 1826 contulit.
1101 1748 1179 1825 Hac
1200 1752 1238 1824 in
1257 1749 1350 1825 urbe
1368 1752 1517 1850 inclyta,

197 1889 266 1964 illo
298 1890 372 1963 iam
404 1897 567 1987 tempore
599 1887 793 1964 hominum
826 1911 872 1964 ex
904 1885 992 1960 orbe
1017 1892 1092 1958 toto
1126 1885 1388 1962 confluentium
1415 1887 1518 1986 quasi

197 2024 350 2116 mundo,
383 2025 629 2124 peregrinator
660 2031 782 2098 noster
814 2021 1043 2121 aliquamdiu
1074 2021 1249 2114 consedit,
1285 2021 1518 2120 usquedum

199 2184 291 2258 quae
323 2161 406 2234 visu
440 2167 475 2232 ct
507 2156 636 2232 auditu
667 2157 738 2233 sibi
773 2157 883 2258 digna
914 2155 1135 2232 videbuntur
1167 2156 1362 2256 diligenter
1388 2180 1517 2257 cogno·

198 2301 309 2368 verat.
346 2290 443 2367 Tum
462 2316 549 2368 vero
570 2294 639 2368 iter
658 2293 705 2368 ad
723 2293 854 2368 urbem
873 2289 1087 2383 Bituricam,
1115 2316 1207 2390 quoe
1225 2291 1336 2366 hodie
1353 2292 1519 2387 Bourqes

199 2428 346 2522 dicitur,
380 2429 572 2520 convertit,
604 2427 686 2522 ubi,
721 2453 766 2503 ne
792 2427 839 2502 ad
869 2427 981 2501 maris
996 2425 1182 2502 „Atlantici
1214 2449 1294 2500 oras
1325 2428 1518 2528 progrede-

199 2572 313 2657 retur,
340 2563 546 2663 prohibitus
573 2572 627 2638 cst
650 2563 744 2639 belli
770 2541 1008 2656 tumultibus,
1037 2558 1289 2638 Guisiacorum
1307 2562 1519 2662 principum

199 2699 396 2775 ambitione
422 2707 458 2773 et
482 2700 606 2774 furore
631 2699 671 2771 in
690 2695 917 2773 Reformatos
941 2698 1039 2772 male
1065 2699 1126 2797 pio
1154 2696 1328 2772 excitatis.
1374 2694 1520 2788 Quibus

198 2833 315 2909 turbis
342 2858 416 2908 non
448 2834 526 2909 sine
557 2834 655 2910 vitae
680 2835 844 2933 periculo
878 2859 917 2908 se
950 2831 1156 2908 subducens
1181 2830 1402 2908 Bersmanus
1434 2858 1518 2934 pro-

198 2978 321 3071 perato
348 2970 477 3044 itinere
495 2967 719 3068 Lugdunum
745 2968 849 3062 abiit,
876 2977 913 3043 et
937 2967 1047 3067 paulo
1074 2974 1195 3067 poste
1216 2966 1353 3042 finibus
1375 2964 1520 3046 Galliae

198 3105 422 3181 incolumem
448 3130 487 3180 se
514 3101 698 3182 Genevam
724 3104 868 3203 recepit.
921 3083 1044 3196 illinc,
1072 3100 1250 3200 superatis
1275 3099 1449 3203 Alpibus,
1478 3106 1520 3180 in

199 3263 368 3314 amoenos
393 3237 519 3314 Italiae
546 3264 690 3341 campos
717 3239 917 3332 descendit,
945 3246 981 3312 ct
1008 3237 1157 3312 tandem
1175 3237 1319 3310 Potoos'a‘
1343 3237 1518 3332 substitit,
1568 3215 1573 3224 ’

198 3373 291 3449 urbe
322 3374 390 3450 ills
416 3373 635 3468 Antenorea,
668 3372 742 3448 Titi
772 3373 870 3451 Livii
902 3372 1086 3448 natalibus
1120 3371 1231 3465 clara,
1271 3372 1403 3448 studiis
1435 3382 1518 3450 tum

199 3510 391 3586 literarum
418 3520 453 3585 et
479 3510 612 3585 artium
638 3511 750 3587 totius
776 3508 903 3586 Italiae
929 3506 1177 3585 celeberrima.

784 4166 919 4290 VH.

303 4459 391 4537 Erat
418 4463 506 4540 baec
536 4465 625 4541 urbs
659 4463 727 4540 illo
759 4471 923 4563 tempore
944 4465 1202 4564 amplissima,
1243 4466 1346 4566 quasi
1385 4463 1517 4543 urbem

203 4596 304 4673 dicas
330 4599 369 4673 in
396 4623 480 4674 rure
505 4611 542 4675 et
567 4626 629 4676 rus
656 4601 695 4676 in
720 4599 827 4693 urbe,
856 4599 1073 4702 'gratissimis
1098 4602 1289 4677 hortorum
1315 4599 1518 4677 recessibus

206 4740 348 4827 ornatu,
389 4734 635 4838 studiosorum
673 4736 867 4816 hominum
899 4759 1075 4837 perquam
1114 4735 1306 4814 commoda
1335 4735 1442 4812 statio
1468 4735 1518 4812 ob
1640 4783 1641 4792 ι
