3242 5356
712 374 865 449 68·

67 663 103 727 et
129 675 317 744 numeros,
345 675 574 752 nervumque
600 676 642 728 ac
667 655 912 744 maiestatem,
938 651 1028 727 haec
1045 655 1221 752 profecto,
1249 657 1398 736 nisime

67 787 272 864 admodum
300 787 392 862 ratio
419 788 527 888 fugit,
561 795 597 862 et
622 788 768 888 singula
798 796 834 861 et
858 787 1030 861 universa
1061 789 1100 862 in
1126 785 1268 864 Horatii
1296 789 1398 893 Lyri-

67 926 119 999 cis
138 947 216 998 non
242 923 401 1022 reperias
419 923 591 996 inferiora
618 923 673 1014 iis,
702 945 795 1023 quae
817 922 856 995 in
874 920 997 1023 Epicis
1017 920 1178 998 Maronis
1196 926 1398 1002 excellunt:

66 1061 268 1159 puritatem
294 1067 418 1132 autem
444 1065 480 1132 et
505 1059 681 1178 nativam,
709 1059 949 1155 minimeque,
977 1067 1019 1131 ut
1045 1059 1095 1131 ita
1119 1059 1266 1158 loquar,
1299 1063 1397 1136 fuca-

65 1203 145 1268 tam
191 1193 369 1268 sermonis
407 1190 563 1266 Romani
603 1193 863 1291 integritatem,
909 1192 1120 1284 candorem,
1170 1194 1399 1294 elegantiam,

66 1301 300 1404 venustatem
333 1337 442 1426 atque
476 1327 693 1401 eruditionis
725 1328 886 1426 poeticae
923 1329 1066 1426 copiam
1099 1353 1139 1401 ac
1173 1330 1397 1424 varietatem,

67 1467 133 1564 qui
162 1465 201 1538 in
227 1462 376 1537 Marone
403 1463 620 1554 admiratur,
648 1486 878 1562 nequaquam
905 1486 961 1553 ea,
988 1471 1031 1536 ut
1058 1460 1229 1555 arbitror,
1258 1465 1396 1542 deside·

69 1610 219 1674 raturus
246 1608 301 1672 est
326 1599 366 1672 in
387 1593 555 1672 ,Flaccof‘

173 1733 366 1808 Praeterea
391 1731 613 1806 Bersmanus
640 1733 713 1806 iam
740 1755 834 1805 anno
854 1726 1009 1804 MDXOI
1035 1757 1167 1806 novam
1195 1736 1399 1811 carminum

66 1893 225 1945 suorum
271 1868 468 1942 editionem
516 1853 765 1942 adornaverat
799 1868 970 1941 adiuncta
1011 1876 1112 1966 parte
1150 1869 1280 1961 altera,
1329 1897 1400 1970 qua

66 2004 190 2079 multa
205 2005 437 2077 continentur
457 1989 692 2102 apologetica,
715 2003 927 2076 necessitate
948 2001 1106 2099 quidem,
1121 2013 1164 2077 ut
1184 2015 1289 2092 autor
1306 2031 1397 2082 asse·

66 2149 191 2230 verat,
233 2148 390 2228 exuma,
431 2137 495 2210 sed
525 2136 757 2211 acerbissime
785 2138 883 2210 dicta
909 2137 948 2208 in¹
975 2137 1217 2232 adversarios,
1259 2165 1400 2241 „genus

66 2275 266 2349 hominum
285 2271 481 2363 irritabile,
503 2270 754 2370 implacabile,
775 2295 925 2371 procax,
947 2273 1270 2367 conmmeliosum,
1293 2285 1400 2376 atque

66 2412 199 2484 insana
224 2407 471 2482 maledicendi
495 2406 655 2481 libidine
674 2405 832 2498 ebrium,
862 2406 961 2504 quod
978 2406 1075 2481 nihil
1102 2408 1206 2483 aliud
1226 2412 1399 2506 studeret,

69 2545 144 2618 nisi
178 2553 220 2616 ut
252 2543 460 2654 lutulentus
491 2565 553 2616 sus
587 2567 672 2617 curn
706 2543 835 2640 quovis
869 2541 1062 2616 volutari.“
1115 2537 1402 2642 Suspicabantur

68 2681 171 2754 enim
199 2679 258 2754 illi
286 2679 460 2768 adversii,
487 2677 650 2776 theologi
678 2678 855 2751 nimirum
882 2703 901 2750 e
929 2677 1054 2750 castris
1068 2671 1400 2774 Concordistarum,

69 2813 315 2888 Bersmanum
342 2812 388 2885 ad
415 2835 453 2886 se
481 2812 743 2912 oppugnandos
761 2811 941 2911 Amlingii
969 2811 1174 2886 adiutorem
1201 2839 1278 2890 esse
1305 2842 1400 2910 eum,

69 2951 135 3048 qui
163 2973 238 3022 non
264 2948 373 3022 modo
399 2947 520 3021 multa
546 2947 606 3021 illi
633 2947 671 3024 in
703 2948 887 3021 calumum
914 2948 1081 3041 dictaret,
1117 2951 1181 3024 sed
1207 2952 1285 3050 ipse
1313 2975 1400 3052 quo-

70 3109 144 3184 que
171 3083 288 3158 celato
321 3083 469 3156 nomine
494 3081 645 3156 libellos
680 3097 805 3156 contra
838 3083 993 3157 asseclas
1024 3081 1220 3159 Formulae
1246 3081 1400 3161 Concor·

69 3219 154 3294 diae
182 3226 379 3318 spargeret,
407 3239 519 3314 quare
549 3217 798 3309 „crabronum
825 3219 967 3291 instar“
994 3221 1069 3292 suis
1096 3221 1135 3292 in
1161 3218 1401 3299 Bersmanum

70 3321 212 3428 aculeis
239 3353 434 3426 irruerunt.
474 3351 558 3444 „De
579 3357 690 3452 qu0,“
717 3355 838 3452 inquit
857 3353 939 3444 ille,
967 3377 1068 3444 „non
1088 3365 1276 3429 aversante
1303 3355 1400 3432 vale·

69 3490 218 3580 tudine,
246 3489 354 3587 plura
381 3514 402 3559 a
427 3509 490 3560 me
514 3489 753 3586 proferentur,
781 3487 914 3586 quibus
942 3498 1070 3562 notum
1097 3488 1162 3562 fiat
1187 3493 1399 3587 posteritati,

71 3649 166 3723 quae
193 3632 355 3696 monstra
381 3633 418 3695 et
443 3631 610 3722 portenta
635 3623 829 3698 hominum
855 3625 894 3696 in
921 3624 1005 3696 sinu
1031 3647 1098 3698 suo
1125 3623 1259 3698 aluerit
1277 3623 1400 3702 Eccle-

71 3761 161 3833 sia.“
214 3757 354 3832 Probra
384 3757 524 3833 seilicet
556 3759 672 3831 iacere
705 3758 742 3830 in
770 3757 1021 3831 adversarium
1053 3781 1210 3856 eumque
1235 3761 1401 3837 foedissi-

70 3895 144 3968 mis
178 3894 352 3968 conviciis
379 3894 626 3994 proscindere,
660 3894 750 3967 haec
783 3903 859 3966 erat
892 3892 970 3965 illis
1002 3891 1230 3991 temporibus
1263 3907 1298 3970 et
1331 3899 1401 3971 isto

73 4051 200 4104 rerum
227 4037 321 4102 statu
348 4027 549 4103 admodum
575 4003 787 4128 plausibilis
815 4037 851 4101 et
872 4037 973 4126 grata
990 4027 1103 4127 vulgo
1122 4031 1247 4104 oratio.
1281 4027 1400 4121 Quare

72 4161 296 4238 Bersmanus
318 4164 353 4241 'ai
380 4187 451 4262 qua
477 4164 615 4237 nimius
640 4163 753 4236 suerit
778 4166 818 4238 in
846 4166 1069 4264 repellendis
1098 4167 1291 4240 hominum
1318 4188 1400 4240 con·

74 4298 359 4373 tumeliosorum
374 4297 699 4389 criminationibua
721 4297 759 4371 id
772 4301 947 4398 temporis
961 4302 1095 4374 vitium
1107 4299 1319 4374 habendum
1336 4311 1400 4393 est,

76 4458 150 4510 uon
177 4421 292 4526 illius,
320 4436 455 4533 quippe
473 4434 535 4532 qui
558 4436 667 4507 etiam
686 4434 890 4527 confirmat,
918 4461 957 4510 se
974 4438 1032 4509 sui
1051 4435 1202 4534 pudoris
1221 4437 1399 4512 rationem

76 4573 127 4644 ito
154 4569 342 4660 habuisse,
382 4580 493 4644 uteo
523 4570 674 4660 diceret,
715 4593 808 4668 quae
841 4572 920 4669 ipse
953 4572 1103 4644 honeste
1136 4571 1236 4646 effari
1270 4579 1400 4670 posset,

77 4727 150 4780 non
176 4727 271 4804 quae
297 4705 497 4780 adversarii
522 4705 709 4804 potuerint
734 4705 895 4780 audire.“

182 4839 337 4939 Reliqua
377 4865 522 4940 quoque
554 4841 666 4914 huius
705 4843 794 4914 mini
836 4843 1011 4932 carmina,
1049 4844 1211 4942 exceptis
1244 4839 1402 4916 Psalmis
