3242 5356
649 408 658 425 .
726 327 778 418 'aa

267 613 362 684 Felix
384 624 488 682 morte
509 625 581 692 tua,
603 639 670 683 non
690 627 742 684 tot
762 625 913 705 portenta
935 603 1104 693 malorum,
1209 647 1211 653 v

305 731 381 800 Non
403 733 573 801 bominum
593 734 741 812 fraudes,
764 738 1009 822 nequitiamque
1024 735 1152 860 rides)⁴

263 849 420 938 Aequora
442 853 499 938 qui
520 861 642 930 terrae,
665 857 723 940 qui
743 859 880 922 miscent
901 876 1043 939 aequora
1065 853 1168 928 coelo,

226 965 230 974 ⁴
307 965 509 1036 Christicolis
531 994 572 1036 ne
596 975 667 1057 quis
688 982 789 1039 restet
810 975 845 1038 in
866 972 945 1039 orbe
968 972 1071 1056 locus,

267 1087 342 1153 Non
365 1110 470 1154 crassa
492 1112 639 1156 errorum
660 1092 743 1158 volvi
766 1091 901 1178 caligine
924 1055 1093 1165 mardubr,

241 1285 245 1295 1
306 1203 353 1271 Et
374 1205 512 1273 sublime
534 1207 624 1275 nefas
647 1218 746 1284 stare,
770 1210 875 1274 iacere
898 1208 1013 1278 bonos.

266 1321 443 1414 Ingenium
465 1324 612 1403 sordere,
636 1329 725 1393 asino
747 1326 917 1392 simulante
940 1325 1079 1402 leonem,

307 1441 428 1510 Inflata
449 1449 572 1512 vastum
593 1467 672 1510 rana
693 1447 838 1510 imitante
861 1442 995 1538 bovcmf
1016 1442 1019 1449 ’

264 1559 508 1650 Doctrinaeque
530 1562 645 1640 rudes,
668 1561 768 1630 decus
790 1563 941 1629 affectare
964 1519 1147 1639 dathedrae,

307 1678 398 1746 Artis
421 1681 498 1749 dum
520 1683 671 1750 moritum
693 1684 811 1769 gratia,
833 1684 949 1766 iusque
970 1685 1056 1749 terit

680 1778 859 1881 aaran*

197 1873 351 1978 Insuper
389 1877 456 1953 ille
489 1878 557 1972 „de
589 1877 618 1952 I.
635 1875 844 1976 §arimarii
878 1877 983 1952 obitu
1018 1878 1214 1954 immaturo
1241 1879 1419 1982 bonisque
1433 1917 1495 1974 a„

93 2010 270 2088 omnibus
308 2021 345 2088 et
382 2014 608 2113 sapientibus
640 2014 833 2090 luctuoso“
871 2013 938 2088 hos
966 2037 1094 2090 versus
1121 2016 1305 2120 aculeatos
1333 1957 1576 2230 emiſjssy

20 2201 40 2212 „
92 2155 210 2224 serat:
1433 2175 1455 2226 Α
1517 2201 1551 2265 '-

1 2317 32 2369 ’ί
52 2267 195 2348 f-m·
264 2328 424 2396 Fraxinus
447 2330 511 2396 alta
531 2334 630 2406 iacet,
652 2334 737 2420 nigri
759 2331 898 2420 gaudete
922 2332 1079 2420 0h0¹l⁷<ffir

303 2445 396 2529 Quos
418 2446 509 2524 Sala,
533 2471 614 2535 quos
636 2447 760 2514 Plissac
781 2449 931 2518 turbidus
954 2454 1055 2516 amnis
1078 2449 1145 2544 alit,

267 2563 315 2630 Et
337 2589 418 2653 quos
441 2565 533 2632 infidi
553 2574 640 2630 rotat
660 2563 755 2631 Albis
777 2568 918 2634 fluminis
942 2568 1031 2636 alveo

308 2681 405 2750 Eheu
429 2707 526 2769 qua-m
548 2682 673 2772 dispar,
696 2683 923 2771 dissimilisque
946 2688 1011 2755 sui!

268 2799 465 2869 Cerbeream
487 2804 572 2890 pasti
594 2825 757 2890 spumam,
781 2805 921 2872 exultate
946 2805 1085 2872 colubri:

307 2921 376 2989 Vos
399 2921 532 3008 abigens
555 2920 671 2987 umbra
690 2920 835 2987 fraxinus
858 2919 913 2988 illa
934 2925 1032 2991 iacetr

265 3039 437 3128 Anguibus
453 3041 575 3115 invisa,
591 3048 690 3126 vgrata
710 3041 893 3126 pastoribus
915 3041 1040 3118 umbra,

308 3157 548 3244 Balantumque
570 3158 666 3224 simul
688 3161 959 3246 cornigerumque
980 3165 1083 3250 gregi.

268 3273 335 3344 Sed
357 3298 471 3342 succus
494 3286 642 3363 superest
664 3276 785 3364 opifer,
808 3278 917 3364 lugete
941 3278 1101 3364 chelydri:

307 3393 405 3462 Haud
427 3394 486 3459 ulli
507 3403 613 3460 vester
633 3394 780 3462 mortifer
802 3398 883 3461 ictus
906 3399 977 3462 erit.

268 3513 373 3580 Parva
394 3514 524 3598 loquor:
547 3512 665 3598 patulis
689 3535 771 3597 quae
793 3513 883 3581 vobis
905 3513 1066 3581 frontibus
1089 3515 1182 3582 arbos

310 3629 431 3699 Terror
453 3639 536 3706 erat,
559 3631 689 3718 plantae
712 3634 857 3718 germine
879 3636 978 3719 pestis
1000 3636 1072 3700 erit.

201 3861 350 3936 Etenim
370 3859 421 3934 sic
443 3883 521 3934 sese
540 3883 597 3934 res
610 3859 796 3936 habebant
820 3870 901 3936 tum
926 3862 1117 3960 temporis,
1144 3871 1186 3937 ut
1213 3865 1275 3962 qni
1301 3866 1419 3964 primo

98 3998 207 4075 lenae
229 3997 542 4072 consurrexissent
567 3998 606 4070 in
630 3996 797 4072 scholam
816 3994 1202 4072 Melanchthonianam
1230 3997 1304 4072 odii
1331 3999 1419 4076 fluo·

99 4145 176 4230 tus,
205 4133 319 4208 iidem
337 4132 410 4207 ianr
429 4130 591 4232 Lipsiam
617 4133 799 4226 advoluti,
826 4132 900 4207 imo
928 4127 1280 4232 inVitebergensem
1306 4144 1419 4211 trans·

45 4317 47 4321 v
100 4273 168 4346 lati
203 4278 322 4345 essent
353 4268 591 4362 academiam,
627 4293 736 4370 quam
769 4267 816 4343 ob
843 4268 883 4342 id
910 4273 1014 4367 polita
1039 4275 1082 4340 ut
1112 4266 1264 4343 infidam
1290 4273 1420 4372 suique

103 4405 323 4484 dissimilem
348 4427 458 4504 supra
484 4404 656 4505 designat.
710 4401 839 4504 Neque
872 4401 1098 4478 reticendum
1124 4412 1194 4496 est,
1225 4405 1421 4484 factionem

103 4540 361 4620 Placianorum
390 4563 522 4640 magna
554 4565 601 4614 ex
633 4563 675 4615 eo
710 4539 932 4628 incrementa
965 4538 1125 4636 cepisse,
1150 4540 1252 4636 quod
1279 4538 1420 4644 Philip·

103 4682 220 4784 pistae
238 4715 241 4726 ¹
261 4677 349 4778 (qno
389 4677 602 4778 cognomine
639 4673 932 4750 Melanchthonis
973 4671 1130 4747 asseclae
1170 4673 1432 4776 signabantur)

104 4841 198 4894 anno
231 4810 429 4890 MDLXXI
454 4807 665 4889 catechesin
699 4819 736 4886 et
760 4810 841 4915 =,alia
867 4807 1024 4885 subinde
1046 4807 1190 4909 scripto
1223 4809 1421 4906 ediderant,

1196 4945 1216 5017 3
