3328 5348
867 275 914 351 10

81 553 88 567 ’
232 565 374 637 vestrae
399 577 504 632 carus
530 577 648 651 eram,
675 577 768 655 quae
792 578 853 630 me
878 551 1044 656 Philippi
1070 551 1235 627 sodalem
1258 530 1447 651 appellare
1469 572 1554 623 con·

232 699 418 785 sueverat,
459 701 500 796 et*
533 691 573 767 in
610 691 768 768 fratrum
806 699 954 766 tuorum
992 689 1191 764 amicitiam
1229 687 1332 780 veni,
1371 682 1557 760 Lndovici

232 828 464 932 praesertim,
490 828 595 903 cuius
620 825 777 903 candore
804 834 840 899 ct
864 849 1011 900 morum
1036 824 1215 899 suavitate
1241 821 1435 896 coniuncta
1468 843 1558 893 curn

232 962 470 1066 semanimi
503 963 655 1064 pietate,
696 988 738 1038 ac
770 960 942 1062 prudenti
974 960 1208 1061 simplicitate
1248 966 1285 1032 et
1317 957 1404 1031 artis
1438 951 1557 1028 Medi-

233 1101 336 1176 cinae
361 1097 494 1200 peritia
518 1122 592 1174 non
613 1096 776 1200 vulgari,
801 1095 894 1173 mibi
914 1119 980 1198 per
999 1096 1142 1196 aliquot
1167 1118 1280 1171 annos
1299 1089 1460 1170 iucunde
1479 1089 1558 1166 frui

233 1235 375 1314 licuit“
1159 1217 1165 1244 “

843 1735 947 1858 IV.

335 2041 464 2121 Trahit
489 2067 556 2120 sua
582 2068 764 2152 quemque
790 2057 934 2139 natura,
962 2044 1132 2146 exempla
1157 2044 1319 2120 incitant
1370 2040 1414 2118 ld
1441 2065 1560 2143 quum

235 2182 375 2281 experti
408 2180 566 2256 sciamus
599 2205 741 2278 omnes,
775 2207 850 2257 non
883 2192 952 2275 est,
989 2204 1055 2256 cur
1085 2181 1279 2272 miremur,
1313 2175 1559 2254 Bersmanum

236 2312 394 2418 Lipsiae,
419 2339 581 2392 summo¹
596 2341 711 2419 eoque
750 2321 994 2418 prosperrimo
1032 2316 1153 2390 studio
1185 2313 1421 2416 politioribus
1454 2313 1557 2392 ‹ledi-

233 2459 318 2529 tum
339 2451 452 2530 fuisse
484 2451 621 2547 literis,
653 2462 780 2554 utpote
813 2477 905 2554 quae
936 2475 1010 2527 non
1045 2451 1168 2526 solum
1200 2448 1318 2524 indoli
1350 2474 1437 2524 suae
1470 2473 1559 2549 prae

235 2589 365 2692 ceteris
391 2586 672 2682 conveniebant,
699 2588 766 2664 sed
792 2589 901 2664 etiarn
921 2587 1135 2662 auctoritate
1154 2594 1428 2685 praeceptorum
1448 2594 1558 2684 atque

200 2749 203 2759 ·
233 2722 422 2803 fautorum
443 2746 599 2798 suorum
625 2724 908 2824 quammaxime
921 2721 994 2798 sibi
1009 2720 1282 2798 commendatae
1296 2716 1417 2796 erant(
1440 2709 1559 2810 ‘Quod

235 2883 322 2938 vero
337 2867 490 2962 praeter
507 2859 630 2935 studia
647 2859 889 2961 philologica,
916 2858 1172 2958 philosophica
1198 2866 1235 2931 et
1260 2859 1417 2958 poetica,
1443 2855 1559 2931 simul

235 3003 272 3069 et
301 2994 390 3070 artis
422 2993 625 3070 medicinae
663 2995 843 3070 rationem
875 3017 949 3069 non
980 2992 1092 3068 modo
1119 2993 1315 3085 curiosam,
1349 2993 1414 3068 sed
1447 2993 1560 3068 etiarn

235 3129 438 3206 studiosam
462 3128 610 3221 habuit,
644 3129 685 3204 id
717 3131 878 3230 profecto
899 3125 1119 3222 ¹mirabilius
1152 3152 1228 3202 esse
1253 3127 1428 3204 videam
1463 3123 1559 3202 Mihi

236 3263 386 3365 quidem
411 3262 509 3339 nihil
535 3265 575 3339 in
600 3274 760 3340 mentem
786 3265 903 3358 venit,
939 3286 1050 3364 quare
1083 3261 1122 3336 id
1147 3271 1275 3361 putem
1300 3263 1439 3338 factum
1469 3285 1559 3354 csse,

235 3398 306 3476 nisi
331 3399 426 3476 forte
452 3422 599 3476 causam
631 3423 777 3475 censeas
811 3424 891 3474 earn
917 3399 1047 3491 fuisse,
1081 3397 1180 3498 quod
1212 3399 1350 3473 amicus
1383 3396 1451 3472 illc
1482 3421 1558 3472 me·

236 3532 358 3628 dicus,
386 3530 596 3612 Ludovicus
621 3528 872 3627 Camerarius,
900 3534 1064 3608 animum
1089 3531 1281 3607 Bersmani
1307 3557 1349 3607 eo
1371 3531 1559 3625 direxerit,

235 3667 298 3746 vel
325 3668 424 3770 quod
449 3668 713 3745 solubelrimac
738 3669 844 3744 illius
877 3669 965 3743 artis
998 3667 1204 3768 amplitudo
1238 3667 1412 3746 iuvenem
1437 3667 1559 3744 euius-

236 3802 293 3878 vis
319 3803 491 3878 scientiae
518 3815 556 3879 et
579 3803 731 3879 honoris
757 3803 1012 3879 avidissimum
1038 3802 1276 3880 allectaverit.

337 3934 407 4012 Tot
445 3937 628 4037 tantisque
666 3937 799 4013 studiis
838 3945 1035 4038 occupatus
1075 3938 1153 4030 ille¹
1182 3963 1255 4012 non
1287 3963 1413 4039 usque
1434 3949 1560 4016 tamen

237 4203 440 4314 amicorum
466 4207 505 4281 in
532 4208 579 4282 iis
612 4229 755 4308 quoque
787 4205 1093 4281 celebrationibus
1126 4207 1308 4302 interluit,
1343 4209 1558 4310 quibusju·

237 4068 285 4142 ad
310 4093 476 4148 severam
502 4067 650 4148 Catonis
681 4071 847 4172 regulam
878 4072 989 4162 vixit,
1024 4072 1088 4146 sed
1122 4074 1307 4148 interdum
1340 4100 1426 4150 curn
1449 4099 1560 4176 grege
1647 4105 1648 4124 ¹

238 4346 369 4415 ventus
388 4340 596 4416 academica
614 4340 788 4415 delectari
802 4340 911 4433 solet,
938 4340 1080 4417 scilicet
1106 4353 1148 4417 ut
1167 4344 1336 4443 exploret
1354 4344 1559 4421 secundum
1647 4385 1648 4403 2

238 4467 448 4568 Horatium,
476 4499 586 4574 quam
612 4473 723 4549 dulce
756 4445 837 4567 sit,
855 4474 1019 4575 desipere
1046 4477 1085 4550 in
1110 4476 1203 4584 loco.
1255 4472 1427 4554 Ceterum
1451 4477 1557 4556 Bers-

239 4631 370 4684 manus
395 4611 427 4683 is
452 4619 546 4704 crat,
574 4635 684 4711 quem
709 4608 757 4683 ob
784 4609 1042 4685 excellentiam
1068 4612 1203 4712 ingenii
1225 4612 1322 4690 cives
1338 4612 1559 4693 Academiae

240 4741 488 4845 suspiciebant
519 4769 646 4824 omncs
676 4752 712 4822 et
743 4743 792 4820 ob
818 4769 964 4824 carmen
996 4745 1156 4824 amabile
1189 4746 1360 4824 amabant
1392 4750 1556 4850 plurimi.
